2170 3458
385 249 526 285 Lxxn
1012 232 1203 284 Addenda.
1250 247 1368 293 Caput
1388 247 1454 282 IX.

384 375 437 405 ex
460 361 608 406 eodem
636 360 642 418 Ι
669 359 845 417 collegio
875 361 1093 405 honestam
1125 359 1366 404 missionem
1397 357 1551 403 missus
1569 358 1705 415 fuerit,
1734 359 1915 417 accipiat
1941 374 1970 407 s.
1997 362 2080 407 eol·

383 428 490 484 legis
519 427 685 472 anulasi
724 428 731 484 Ι
771 427 940 472 nomine
967 431 1007 469 X
1029 427 1220 483 DGGG⁹3
1264 426 1362 470 item
1393 425 1429 470 si
1460 425 1534 482 qui
1564 440 1616 471 ex
1646 425 1818 483 collegis
1846 427 2079 484 profecerit,

384 495 567 552 accipiat
596 499 636 538 X
656 495 745 540 D¹⁰.

452 574 521 618 (In
537 572 623 618 pila
645 573 815 617 sinistra)
839 559 993 605 exacti:
1030 560 1035 615 Ι
1076 561 1121 605 O.
1143 558 1336 616 Aponius
1360 559 1545 604 Vitalis¹¹
1578 560 1584 618 Ι
1617 572 1672 617 (et
1693 571 1771 608 alia
1791 572 1945 609 nomina
1966 571 2080 617 m,

509 640 551 676 in
566 640 638 687 hie)
664 631 710 675 O.
727 629 858 674 Iulius
874 628 1191 673 Crescentianus
1212 637 1378 683 (deinde)
1401 627 1474 684 (L.
1490 627 1707 674 Tonneius
1726 629 1951 687 Martialis>
1962 630 1990 652 ¹²
2009 630 2080 675 o.¹⁸

453 709 517 750 (In
532 708 617 753 pila
641 708 788 752 dextra)
810 695 970 740 librari:
1000 694 1005 751 Ι
1033 730 1042 740 .
1065 730 1075 739 .
1097 694 1298 740 Cerellius
1319 694 1546 752 Don[atus]
1574 698 1581 751 Ι
1607 709 1657 749 (et
1677 707 1756 743 alia
1777 707 1930 744 nomina
1952 706 2078 753 XXI).

495 774 702 820 Lambaesi‚
725 774 767 810 in
782 773 985 820 hemicyclio
1002 775 1038 808 et
1047 773 1137 818 pilis
1153 773 1303 818 duabus,
1327 773 1423 810 illud
1438 776 1474 809 et
1484 774 1650 819 pilarum
1663 774 1816 811 sinistra
1837 786 1912 821 rep.
1927 786 1963 812 a.
1977 775 2080 811 1898

382 831 422 866 in
446 830 575 866 castris
599 830 748 876 legionis
771 830 844 865 loco
867 829 1015 874 antiquo
1040 829 1200 875 (annat
1224 829 1390 875 Comptes
1405 830 1542 866 rendus
1558 830 1601 866 de
1618 831 1759 868 l'.Acad
1776 831 1866 867 des
1851 841 1961 869 mser.
1975 832 2079 867 1898

379 898 416 932 p.
434 888 520 922 384.
539 888 634 929 385‚·
657 885 812 921 Besnier
833 885 918 920 me'l.
936 885 1112 921 del’e'cole
1126 885 1177 930 fr.
1196 885 1239 921 de
1253 885 1369 922 Rome
1392 887 1545 933 1898p.
1561 888 1648 922 452.
1664 888 1758 931 455,·
1779 886 1898 933 pilam
1912 887 2079 924 domnam

381 943 458 978 iam
480 942 575 977 vidit
602 942 809 977 Wilmanns
840 941 947 977 VIII
963 942 1096 985 2560).
1137 962 1178 967 --
1222 944 1254 984 1)
1282 943 1452 988 Apparet
1471 945 1620 989 praeter
1649 943 1874 980 tabulam-iwm
1895 942 2080 990 principis

382 998 446 1043 (N.
462 999 593 1043 2446)
622 998 676 1034 ita
700 998 835 1033 dictum
858 997 954 1042 quod
977 997 1054 1033 eius
1077 1008 1203 1034 curam
1225 999 1356 1045 aqebat
1372 1000 1553 1062 princeps,
1576 999 1601 1036 ι’.
1617 1011 1645 1036 e.
1670 999 1830 1036 centurio
1857 999 2006 1046 leqioms
2026 1009 2079 1036 se-

381 1054 530 1094 cundus,
556 1053 687 1099 leyioni
708 1054 824 1099 fuisse
848 1054 1003 1090 alterum
1020 1054 1245 1090 tabularium
1268 1055 1415 1101 proprie
1439 1056 1576 1092 dictum
1592 1055 1750 1102 leyionis.
1772 1076 1819 1082 —
1841 1059 1876 1099 2)
1900 1054 2080 1099 Similiter

379 1110 427 1146 N.
443 1111 558 1146 2438.
573 1111 685 1145 2445.
706 1111 818 1145 9099.
835 1130 882 1136 -
905 1113 938 1153 3)
962 1110 1068 1146 Idem
1090 1110 1352 1148 cornicularius
1377 1112 1527 1158 leyionis
1549 1112 1714 1158 idemque
1735 1111 1908 1156 actarius,
1930 1110 2081 1148 athene

381 1166 527 1202 titulum
549 1177 631 1202 cum
655 1167 816 1202 librariis
840 1169 875 1203 et
896 1166 1044 1211 exactis,
1073 1168 1128 1202 ita
1151 1167 1298 1204 titulum
1321 1168 1367 1205 N.
1385 1170 1489 1204 2445
1511 1179 1588 1205 una
1611 1179 1691 1204 cum
1714 1167 1933 1214 optionibus,
1960 1166 2079 1204 alium

380 1223 527 1258 titulum
545 1222 590 1259 N.
607 1223 712 1258 9098
727 1234 807 1259 cum
824 1223 1038 1268 duplicariis
1055 1223 1204 1269 legionis
1220 1224 1346 1261 tertiae
1362 1226 1549 1272 Auyustae
1557 1226 1771 1270 posuerunt.
1789 1244 1831 1250 —
1854 1227 1890 1267 4)
1916 1223 2079 1260 Titulum
2148 1235 2149 1238 ¹

380 1290 404 1314 a
427 1278 591 1314 librariis
614 1281 649 1314 et
670 1280 805 1315 exactis
829 1279 978 1325 legionis
1003 1280 1178 1315 secundae
1200 1280 1408 1327 Parthicae,
1442 1282 1611 1318 similiter
1631 1290 1710 1317 uma
1735 1291 1816 1316 cum
1837 1279 2078 1317 corniculam

381 1334 529 1380 legionis
553 1336 588 1370 et
609 1337 748 1372 actario
765 1336 941 1381 positum,
966 1335 1076 1371 habes
1098 1347 1213 1382 supra
1235 1337 1284 1373 N.
1299 1339 1417 1375 2398.
1441 1359 1486 1365 —
1510 1341 1543 1381 5)
1566 1337 1661 1374 Piae
1675 1336 1842 1373 vindicis.
1858 1357 1901 1365 —
1925 1339 1960 1379 6)
1985 1336 2078 1383 Quo-

377 1402 460 1426 rum
483 1390 647 1426 nomina.
672 1411 717 1417 —
740 1395 774 1435 7)
797 1391 898 1428 Nota
920 1392 1203 1428 cornicularium
1226 1393 1378 1440 legionis
1401 1397 1437 1430 et
1457 1394 1637 1431 actariwm
1660 1394 1700 1436 (i.
1716 1405 1744 1429 e.
1768 1392 1970 1429 Aemilium
1993 1392 2077 1430 Gat-

378 1447 521 1482 tianum
544 1449 580 1482 et
599 1446 775 1483 Flavium
800 1447 955 1493 Surum)
988 1448 1061 1484 sibi
1089 1449 1287 1495 pepigisse,
1321 1453 1366 1487 ut
1394 1451 1610 1487 discedentes
1643 1461 1668 1486 a
1695 1449 1833 1485 militia
1862 1449 2078 1487 amam-im

379 1502 614 1539 denariorum
642 1503 742 1539 mille
770 1503 973 1549 acciperent
999 1516 1024 1540 a
1052 1516 1249 1541 successore
1280 1506 1372 1551 (non
1395 1518 1420 1542 a
1442 1507 1586 1553 collegio
1616 1505 1853 1542 librariorum
1881 1507 1918 1542 et
1937 1507 2077 1542 exacto-

377 1563 485 1603 rum).
524 1579 570 1584 —
609 1562 644 1602 8)
666 1560 700 1596 1.
725 1572 752 1596 e.
769 1571 842 1605 pro
866 1561 1037 1606 introitu,
1068 1562 1114 1607 ef.
1137 1572 1253 1607 supra
1274 1562 1322 1598 N.
1346 1564 1459 1599 2354.
1500 1584 1543 1589 —
1582 1565 1616 1607 9)
1639 1561 1760 1598 Multo
1775 1563 1879 1607 plus,
1909 1561 2078 1598 denarios

378 1616 542 1652 millenos
564 1618 600 1651 et
619 1616 824 1662 quinqenos,
860 1617 1024 1653 anularii
1056 1618 1203 1654 nomine
1237 1618 1462 1664 accipiebant
1495 1619 1657 1664 optiones
1687 1618 1754 1664 (N.
1777 1619 1894 1663 2445)
1929 1617 2078 1664 zeqn'onis

379 1672 505 1708 tertiae
528 1672 714 1718 Augustae
738 1684 818 1709 cum
841 1673 1013 1709 militiam
1036 1675 1285 1721 relinquerent,
1319 1676 1488 1712 denarios
1510 1675 1674 1711 millenos
1697 1685 1884 1711 armorwm
1906 1674 2077 1719 custodes,

377 1730 440 1765 sed
462 1741 553 1774 quae
575 1740 719 1765 summa
745 1731 872 1775 postea
895 1733 1002 1766 aucta
1032 1733 1085 1766 est
1107 1730 1169 1777 (N.
1188 1733 1328 1777 9097),·
1357 1732 1515 1768 minores
1537 1743 1700 1769 summae
1723 1730 2002 1767 destinabantur
2024 1741 2079 1766 ve-

380 1785 516 1821 teranis
539 1787 766 1832 colleyiorum
789 1797 901 1831 supra
923 1786 971 1822 N.
992 1787 1104 1822 2354.
1121 1787 1236 1823 2438.
1260 1808 1306 1813 -
1332 1791 1386 1831 10)
1411 1788 1590 1824 Similiter
1613 1787 1782 1824 denarios
1805 1787 2000 1832 quinqenos
2022 1797 2080 1822 ac-

378 1841 563 1886 cipiebant
597 1842 792 1878 cornicines
822 1841 870 1878 ‘si
895 1843 957 1887 qui
981 1853 1026 1878 ex
1049 1842 1127 1879 coll.
1153 1844 1297 1888 amplio.
1322 1845 1424 1889 grad.
1447 1840 1551 1890 prof.'
1573 1847 1702 1890 (supra
1724 1842 1772 1880 N.
1788 1843 1892 1879 2354
1913 1844 1986 1879 not.
2003 1843 2078 1888 12),

377 1897 541 1934 millenos
566 1898 791 1943 accipiebant
817 1899 894 1940 (sed
909 1898 1080 1944 primum
1102 1898 1260 1944 fortasse
1281 1912 1464 1937 summam
1487 1901 1680 1945 minorem)
1706 1910 1787 1935 cum
1798 1895 1864 1934 ‘ad
1877 1897 2079 1935 uberiorem

379 1956 493 1990 locum
522 1965 559 1990 se
590 1950 858 1990 transtulerint'
888 1966 1078 1990 armorum
1107 1956 1267 1992 custodes
1292 1956 1354 1999 (N.
1374 1958 1503 2002 9097).
1543 1977 1587 1983 -—
1628 1959 1684 1999 11)
1713 1956 1819 1991 Idem
1847 1955 1885 1992 O.
1909 1954 2077 2001 Aponius

377 2011 513 2047 vitalis
536 2011 658 2056 Tipas.
682 2021 779 2047 exac.
809 2013 1010 2047 recensetur
1038 2011 1080 2046 in
1103 2013 1270 2048 laterculo
1300 2012 1462 2049 militum
1493 2014 1599 2050 VIII
1615 2014 1722 2049 2567
1746 2012 1844 2048 inter
1865 2010 1998 2048 milites
2023 2022 2078 2048 co-

376 2067 489 2103 hortis
521 2067 647 2103 tertiae
677 2069 749 2103 loco
779 2067 893 2103 tertio.
933 2087 978 2093 —
1018 2070 1073 2110 12)
1095 2068 1236 2104 Nomen
1258 2068 1300 2104 in
1324 2068 1439 2105 litura
1461 2070 1679 2106 restitutum.
1720 2090 1760 2095 ——
1804 2069 1860 2111 13)
1883 2067 2079 2104 C'erarius?

381 2123 438 2168 Cf.
461 2135 575 2168 supra
598 2123 647 2159 N.
662 2124 777 2159 2425.
794 2124 909 2167 2426,
933 2123 998 2158 ubi
1021 2123 1117 2159 idem
1140 2124 1185 2159 L.
1206 2124 1386 2161 Tonneius
1402 2124 1592 2161 Martialis
1614 2123 1720 2159 modo
1745 2123 1906 2160 cerarius
1929 2123 2078 2169 legionis

378 2179 511 2214 dicitur
534 2179 639 2215 modo
664 2179 848 2215 librarius.

489 2267 602 2312 9101
652 2269 784 2313 Genio
812 2269 817 2326 Ι
843 2269 1105 2326 tribunilcial.
1132 2271 1139 2326 Ι
1166 2271 1214 2323 Q.
1237 2271 1410 2316 Flavius
1437 2273 1442 2327 Ι
1469 2272 1649 2315 Balbus¹
1685 2269 1692 2327 Ι
1717 2270 1807 2314 trib.
1827 2271 1916 2314 lat.2
1945 2269 1952 2328 Ι
1988 2270 2075 2315 mil.

378 2337 458 2392 leg.
487 2335 492 2391 Ι
518 2336 589 2379 III
618 2338 730 2392 Aug.
760 2351 799 2391 p.
829 2336 887 2381 v.³

491 2402 689 2439 Lambaesi
703 2414 777 2448 rep.
795 2413 828 2439 a.
844 2404 947 2439 1897
967 2403 1136 2445 (Besnier
1158 2403 1350 2450 Melanyes
1366 2404 1410 2439 de
1427 2404 1541 2440 l’e'cole
1555 2404 1605 2448 fr.
1623 2404 1666 2439 de
1680 2403 1797 2439 Rome
1810 2403 1910 2439 1897
1912 2414 1954 2448 p.
1971 2404 2074 2448 450).

377 2458 428 2494 In
443 2460 555 2503 parte
578 2458 746 2504 opposita
770 2458 900 2505 leqitur
923 2459 1009 2496 divo
1030 2462 1036 2502 Ι
1056 2460 1159 2495 Caro.
1183 2479 1227 2485 —
1254 2461 1287 2505 1)
1311 2459 1467 2495 Flavius
1482 2459 1627 2495 Balbus
1649 2470 1730 2495 cum
1743 2459 1894 2505 reliquis
1917 2459 2076 2496 tribunis

377 2516 413 2550 et
433 2514 593 2550 Teltonio
609 2514 783 2550 Marcello
800 2515 985 2560 praefecto
1009 2518 1210 2552 castrorum
1234 2516 1384 2562 leyionis
1407 2516 1533 2552 tertiae
1548 2516 1734 2561 Auyustae
1754 2517 1883 2560 (supra
1897 2514 1945 2552 N.
1957 2516 2075 2560 4449)

381 2569 492 2606 Getae
510 2570 660 2606 Caesari
678 2570 801 2616 posuit
817 2570 963 2606 titulum
985 2570 1092 2607 VIII
1102 2573 1240 2618 18078,
1266 2583 1378 2617 quem,
1403 2583 1478 2608 non
1494 2573 1586 2607 recte
1602 2571 1624 2606 l.
1640 2581 1669 2606 c.
1684 2570 1898 2616 suppletum,
1923 2571 2077 2617 feliciter

378 2626 549 2662 tractavit
569 2626 841 2662 Domaszewski
861 2626 1139 2673 Ranyordnunq
1163 2628 1225 2664 des
1241 2639 1350 2664 roem.
1366 2628 1483 2664 Heers
1498 2639 1541 2673 p.
1556 2628 1642 2664 130.
1658 2628 1748 2663 236.
1779 2626 1886 2663 Idem
1907 2626 2012 2663 homo
2033 2630 2077 2664 ut

376 2681 519 2718 videtur
541 2681 619 2717 III
632 2683 689 2718 95.
714 2682 781 2718 XI
791 2684 940 2719 V2576.
964 2703 1007 2708 —
1037 2684 1076 2728 2)
1100 2684 1338 2720 Laticlavius.
1360 2704 1406 2709 —
1429 2686 1463 2727 3)
1486 2683 1578 2719 Piae
1600 2683 1766 2719 vindicis.

488 2783 602 2828 9102
643 2784 775 2829 Genio
809 2789 837 2828 7
858 2785 864 2840 Ι
890 2799 995 2830 saer.
1023 2787 1029 2841 Ι
1055 2787 1106 2832 Τ.
1137 2786 1369 2844 Terenltius
1398 2785 1628 2844 Malximus
1653 2785 1660 2844 Ι
1686 2785 1822 2842 optio²
1848 2783 1856 2840 Ι
1880 2784 1990 2829 feeit.

487 2873 634 2997 9¹1(¹}2³
653 2873 839 2998 '[ssel]nio
859 2875 913 2932 7Ι
941 2877 1064 2921 Marti
1078 2877 1206 2933 Aug.2
1238 2876 1245 2934 Ι
1272 2891 1438 2938 saei-um
1465 2880 1471 2931 Ι
1499 2877 1545 2922 G.
1561 2877 1698 2933 Apon.
1717 2873 1896 2932 Saltum.
1918 2873 2070 2932 opltio³

377 2955 416 2984 v.
445 2954 477 2985 s.
522 2975 531 2984 .
589 2955 628 2986 a.
723 2957 772 2986 e.

487 3030 635 3075 9102b
665 3031 798 3076 Genio
823 3035 850 3076 7
868 3033 1061 3088 Augusto
1091 3048 1175 3078 sac.
1202 3033 1209 3091 Ι
1236 3035 1291 3078 Μ.
1310 3033 1543 3090 Magullius
1562 3035 1700 3079 Rufus
1730 3041 1928 3081 vetranus
1951 3047 2040 3092 (sic)
2064 3036 2070 3093 Ι

375 3099 455 3154 leg.
484 3098 556 3142 III
584 3099 695 3155 Aug.
724 3105 868 3144 votum
898 3100 1023 3145 solvit
1047 3101 1052 3154 Ι
1079 3101 1212 3146 laetus
1241 3102 1376 3146 libens
1405 3100 1604 3158 meritu[s]
1629 3113 1729 3157 (sic).
