<?xml version="1.0" encoding="UTF-8"?>
<!DOCTYPE html PUBLIC "-//W3C//DTD XHTML 1.0 Transitional//EN"
    "http://www.w3.org/TR/xhtml1/DTD/xhtml1-transitional.dtd">
<html xmlns="http://www.w3.org/1999/xhtml" xml:lang="en" lang="en">
 <head>
  <title>
</title>
<meta http-equiv="Content-Type" content="text/html;charset=utf-8" />
  <meta name='ocr-system' content='tesseract 3.04.00' />
  <meta name='ocr-capabilities' content='ocr_page ocr_carea ocr_par ocr_line ocrx_word'/>
</head>
<body>
  <div class='ocr_page' id='page_1' title='image "./inscriptioneslat03dessuoft_1066.png"; bbox 0 0 2170 3458; ppageno 0'>
   <div class='ocr_carea' id='block_1_1' title="bbox 347 250 1267 292">
    <p class='ocr_par' dir='ltr' id='par_1_1' title="bbox 347 250 1267 292">
     <span class='ocr_line' id='line_1_1' title="bbox 347 250 1267 292; baseline -0.008 0"><span class='ocrx_word' id='word_1_1' title='bbox 347 255 429 292; x_wconf 84' lang='lat'>870</span> <span class='ocrx_word' id='word_1_2' title='bbox 1115 250 1267 286; x_wconf 80' lang='lat' dir='ltr'>Indices.</span> 
     </span>
    </p>
   </div>
   <div class='ocr_carea' id='block_1_2' title="bbox 345 364 1077 466">
    <p class='ocr_par' dir='ltr' id='par_1_2' title="bbox 345 364 1077 466">
     <span class='ocr_line' id='line_1_2' title="bbox 345 364 1077 410; baseline -0.01 -8"><span class='ocrx_word' id='word_1_3' title='bbox 345 366 581 401; x_wconf 86' lang='lat' dir='ltr'>strationibus</span> <span class='ocrx_word' id='word_1_4' title='bbox 604 364 756 410; x_wconf 85' lang='lat' dir='ltr'>publicis</span> <span class='ocrx_word' id='word_1_5' title='bbox 780 364 877 399; x_wconf 90' lang='lat' dir='ltr'>obire</span> <span class='ocrx_word' id='word_1_6' title='bbox 902 365 989 398; x_wconf 88' lang='grc'>6469</span> <span class='ocrx_word' id='word_1_7' title='bbox 1005 365 1030 384; x_wconf 74' lang='lat'>”-</span> <span class='ocrx_word' id='word_1_8' title='bbox 1051 364 1077 384; x_wconf 93' lang='lat'>¹⁰</span> 
     </span>
     <span class='ocr_line' id='line_1_3' title="bbox 346 420 818 466; baseline -0.006 -8"><span class='ocrx_word' id='word_1_9' title='bbox 346 433 382 457; x_wconf 88' lang='lat' dir='ltr'>re</span> <span class='ocrx_word' id='word_1_10' title='bbox 407 433 472 458; x_wconf 84' lang='lat' dir='ltr'>sua</span> <span class='ocrx_word' id='word_1_11' title='bbox 495 420 700 466; x_wconf 73' lang='lat' dir='ltr'>diffleidens</span> <span class='ocrx_word' id='word_1_12' title='bbox 732 423 818 455; x_wconf 87' lang='grc'><strong>3411</strong></span> 
     </span>
    </p>
   </div>
   <div class='ocr_carea' id='block_1_3' title="bbox 347 495 2042 599">
    <p class='ocr_par' dir='ltr' id='par_1_3' title="bbox 347 495 2042 599">
     <span class='ocr_line' id='line_1_4' title="bbox 347 495 2042 541; baseline -0.002 -5"><span class='ocrx_word' id='word_1_13' title='bbox 347 501 435 536; x_wconf 88' lang='lat' dir='ltr'>bove</span> <span class='ocrx_word' id='word_1_14' title='bbox 452 504 582 535; x_wconf 86' lang='lat' dir='ltr'>aurata</span> <span class='ocrx_word' id='word_1_15' title='bbox 598 509 709 535; x_wconf 85' lang='lat' dir='ltr'>voveo</span> <span class='ocrx_word' id='word_1_16' title='bbox 725 509 801 534; x_wconf 89' lang='lat' dir='ltr'>esse</span> <span class='ocrx_word' id='word_1_17' title='bbox 818 498 982 533; x_wconf 87' lang='lat' dir='ltr'>futurum</span> <span class='ocrx_word' id='word_1_18' title='bbox 1009 500 1094 532; x_wconf 88' lang='grc'>5032</span> <span class='ocrx_word' id='word_1_19' title='bbox 1113 499 1204 532; x_wconf 78' lang='lat' dir='ltr'>recte</span> <span class='ocrx_word' id='word_1_20' title='bbox 1209 506 1223 536; x_wconf 90' lang='lat'><em>;</em></span> <span class='ocrx_word' id='word_1_21' title='bbox 1246 495 1292 540; x_wconf 82' lang='lat' dir='ltr'>cf.</span> <span class='ocrx_word' id='word_1_22' title='bbox 1310 496 1378 531; x_wconf 90' lang='lat' dir='ltr'>tibi</span> <span class='ocrx_word' id='word_1_23' title='bbox 1394 496 1459 532; x_wconf 93' lang='lat' dir='ltr'>hoc</span> <span class='ocrx_word' id='word_1_24' title='bbox 1476 497 1594 541; x_wconf 82' lang='lat' dir='ltr'>bov[e]</span> <span class='ocrx_word' id='word_1_25' title='bbox 1618 506 1715 532; x_wconf 81' lang='lat' dir='ltr'>mare</span> <span class='ocrx_word' id='word_1_26' title='bbox 1731 496 1880 541; x_wconf 89' lang='lat' dir='ltr'>pulchro</span> <span class='ocrx_word' id='word_1_27' title='bbox 1901 505 2042 532; x_wconf 83' lang='lat' dir='ltr'>sacrum</span> 
     </span>
     <span class='ocr_line' id='line_1_5' title="bbox 413 552 1358 599; baseline -0.005 -8"><span class='ocrx_word' id='word_1_28' title='bbox 413 557 478 591; x_wconf 83' lang='lat' dir='ltr'>fiat</span> <span class='ocrx_word' id='word_1_29' title='bbox 502 559 589 591; x_wconf 90' lang='grc'>5050</span> <span class='ocrx_word' id='word_1_30' title='bbox 608 556 666 599; x_wconf 86' lang='lat'><strong>¹⁰⁶3</strong></span> <span class='ocrx_word' id='word_1_31' title='bbox 707 554 803 590; x_wconf 87' lang='lat' dir='ltr'>Iovei</span> <span class='ocrx_word' id='word_1_32' title='bbox 829 554 933 589; x_wconf 90' lang='lat' dir='ltr'>bovid</span> <span class='ocrx_word' id='word_1_33' title='bbox 961 553 1118 597; x_wconf 82' lang='lat' dir='ltr'>piaclum</span> <span class='ocrx_word' id='word_1_34' title='bbox 1142 552 1250 587; x_wconf 86' lang='lat' dir='ltr'>datod</span> <span class='ocrx_word' id='word_1_35' title='bbox 1274 555 1358 587; x_wconf 83' lang='lat'>4911</span> 
     </span>
    </p>
   </div>
   <div class='ocr_carea' id='block_1_4' title="bbox 604 665 1793 768">
    <p class='ocr_par' dir='ltr' id='par_1_4' title="bbox 604 665 1793 768">
     <span class='ocr_line' id='line_1_6' title="bbox 660 665 1733 711; baseline -0.003 -9"><span class='ocrx_word' id='word_1_36' title='bbox 660 666 950 711; x_wconf 72' lang='lat' dir='ltr'>Praepositiones</span> <span class='ocrx_word' id='word_1_37' title='bbox 973 666 1135 701; x_wconf 73' lang='lat' dir='ltr'>alienum</span> <span class='ocrx_word' id='word_1_38' title='bbox 1158 676 1282 701; x_wconf 74' lang='lat' dir='ltr'>casum</span> <span class='ocrx_word' id='word_1_39' title='bbox 1305 666 1469 710; x_wconf 76' lang='lat' dir='ltr'>reyentia</span> <span class='ocrx_word' id='word_1_40' title='bbox 1491 678 1521 701; x_wconf 83' lang='lat' dir='ltr'>v.</span> <span class='ocrx_word' id='word_1_41' title='bbox 1544 677 1626 711; x_wconf 74' lang='lat' dir='ltr'>paq.</span> <span class='ocrx_word' id='word_1_42' title='bbox 1648 665 1733 700; x_wconf 82' lang='lat'>865.</span> 
     </span>
     <span class='ocr_line' id='line_1_7' title="bbox 604 722 1793 768; baseline 0 -9"><span class='ocrx_word' id='word_1_43' title='bbox 604 723 766 760; x_wconf 78' lang='lat' dir='ltr'><em>Nomina</em></span> <span class='ocrx_word' id='word_1_44' title='bbox 794 724 940 759; x_wconf 78' lang='lat' dir='ltr'>urbium</span> <span class='ocrx_word' id='word_1_45' title='bbox 972 722 1046 758; x_wconf 83' lang='lat' dir='ltr'>alio</span> <span class='ocrx_word' id='word_1_46' title='bbox 1074 732 1162 757; x_wconf 81' lang='lat' dir='ltr'>casu</span> <span class='ocrx_word' id='word_1_47' title='bbox 1184 723 1311 767; x_wconf 78' lang='lat' dir='ltr'>posita</span> <span class='ocrx_word' id='word_1_48' title='bbox 1338 734 1450 768; x_wconf 83' lang='lat' dir='ltr'>quam</span> <span class='ocrx_word' id='word_1_49' title='bbox 1478 733 1547 767; x_wconf 81' lang='lat' dir='ltr'>quo</span> <span class='ocrx_word' id='word_1_50' title='bbox 1575 722 1793 760; x_wconf 81' lang='lat' dir='ltr'>debuerunt:</span> 
     </span>
    </p>
   </div>
   <div class='ocr_carea' id='block_1_5' title="bbox 345 790 2065 835">
    <p class='ocr_par' dir='ltr' id='par_1_5' title="bbox 345 790 2065 835">
     <span class='ocr_line' id='line_1_8' title="bbox 345 790 2065 835; baseline 0 -9"><span class='ocrx_word' id='word_1_51' title='bbox 345 791 502 826; x_wconf 86' lang='lat' dir='ltr'><strong>Auximo</strong></span> <span class='ocrx_word' id='word_1_52' title='bbox 519 794 607 826; x_wconf 91' lang='grc'>2084</span> <span class='ocrx_word' id='word_1_53' title='bbox 689 790 829 834; x_wconf 85' lang='lat' dir='ltr'>Epheso</span> <span class='ocrx_word' id='word_1_54' title='bbox 846 792 933 825; x_wconf 85' lang='lat'>2888</span> <span class='ocrx_word' id='word_1_55' title='bbox 1018 790 1198 825; x_wconf 83' lang='lat' dir='ltr'><strong>Laurento</strong></span> <span class='ocrx_word' id='word_1_56' title='bbox 1220 792 1304 825; x_wconf 93' lang='grc'>1578</span> <span class='ocrx_word' id='word_1_57' title='bbox 1378 790 1548 826; x_wconf 89' lang='lat' dir='ltr'>Peltuino</span> <span class='ocrx_word' id='word_1_58' title='bbox 1565 792 1671 835; x_wconf 84' lang='lat'>6548;</span> <span class='ocrx_word' id='word_1_59' title='bbox 1702 790 1810 827; x_wconf 84' lang='lat' dir='ltr'>aedili</span> <span class='ocrx_word' id='word_1_60' title='bbox 1827 790 1933 827; x_wconf 84' lang='lat' dir='ltr'>Pisas</span> <span class='ocrx_word' id='word_1_61' title='bbox 1953 792 2042 826; x_wconf 88' lang='grc'>6599</span> <span class='ocrx_word' id='word_1_62' title='bbox 2062 810 2065 813; x_wconf 78' lang='lat'><em>,</em></span> 
     </span>
    </p>
   </div>
   <div class='ocr_carea' id='block_1_6' title="bbox 414 846 895 882">
    <p class='ocr_par' dir='ltr' id='par_1_6' title="bbox 414 846 895 882">
     <span class='ocr_line' id='line_1_9' title="bbox 414 846 895 882; baseline 0 -1"><span class='ocrx_word' id='word_1_63' title='bbox 414 846 579 882; x_wconf 83' lang='lat' dir='ltr'>111111vir</span> <span class='ocrx_word' id='word_1_64' title='bbox 603 846 784 882; x_wconf 82' lang='lat' dir='ltr'>Florentia</span> <span class='ocrx_word' id='word_1_65' title='bbox 808 849 895 881; x_wconf 83' lang='lat'>3962</span> 
     </span>
    </p>
   </div>
   <div class='ocr_carea' id='block_1_7' title="bbox 345 946 1699 1160">
    <p class='ocr_par' dir='ltr' id='par_1_7' title="bbox 345 946 1699 1160">
     <span class='ocr_line' id='line_1_10' title="bbox 690 946 1699 994; baseline 0.003 -12"><span class='ocrx_word' id='word_1_66' title='bbox 690 947 962 992; x_wconf 77' lang='lat' dir='ltr'>Praepositione</span> <span class='ocrx_word' id='word_1_67' title='bbox 990 947 1124 982; x_wconf 71' lang='lat' dir='ltr'>omissa</span> <span class='ocrx_word' id='word_1_68' title='bbox 1146 946 1243 982; x_wconf 71' lang='lat' dir='ltr'>alius</span> <span class='ocrx_word' id='word_1_69' title='bbox 1269 958 1373 984; x_wconf 73' lang='lat' dir='ltr'>casus</span> <span class='ocrx_word' id='word_1_70' title='bbox 1396 949 1517 984; x_wconf 69' lang='lat' dir='ltr'>nudus</span> <span class='ocrx_word' id='word_1_71' title='bbox 1534 949 1699 994; x_wconf 72' lang='lat' dir='ltr'>positus:</span> 
     </span>
     <span class='ocr_line' id='line_1_11' title="bbox 345 1003 1365 1048; baseline 0.001 -10"><span class='ocrx_word' id='word_1_72' title='bbox 345 1013 457 1047; x_wconf 88' lang='lat' dir='ltr'>usque</span> <span class='ocrx_word' id='word_1_73' title='bbox 483 1014 504 1038; x_wconf 84' lang='lat' dir='ltr'>a</span> <span class='ocrx_word' id='word_1_74' title='bbox 527 1003 719 1047; x_wconf 80' lang='lat' dir='ltr'>pubertate</span> <span class='ocrx_word' id='word_1_75' title='bbox 743 1006 908 1039; x_wconf 82' lang='lat' dir='ltr'><strong>senectae</strong></span> <span class='ocrx_word' id='word_1_76' title='bbox 932 1013 1031 1038; x_wconf 83' lang='lat' dir='ltr'>meae</span> <span class='ocrx_word' id='word_1_77' title='bbox 1054 1003 1243 1048; x_wconf 87' lang='lat' dir='ltr'>pervenire</span> <span class='ocrx_word' id='word_1_78' title='bbox 1279 1006 1365 1040; x_wconf 88' lang='grc'>1980</span> 
     </span>
     <span class='ocr_line' id='line_1_12' title="bbox 346 1058 1272 1104; baseline 0 -9"><span class='ocrx_word' id='word_1_79' title='bbox 346 1062 580 1103; x_wconf 75' lang='lat' dir='ltr'>procmrator)</span> <span class='ocrx_word' id='word_1_80' title='bbox 603 1060 810 1104; x_wconf 85' lang='lat' dir='ltr'>provinciae</span> <span class='ocrx_word' id='word_1_81' title='bbox 834 1060 891 1095; x_wconf 87' lang='lat' dir='ltr'>ius</span> <span class='ocrx_word' id='word_1_82' title='bbox 915 1058 1032 1103; x_wconf 82' lang='lat' dir='ltr'>gladii</span> <span class='ocrx_word' id='word_1_83' title='bbox 1066 1061 1162 1095; x_wconf 83' lang='grc'>1372.</span> <span class='ocrx_word' id='word_1_84' title='bbox 1185 1062 1272 1095; x_wconf 90' lang='grc'>9200</span> 
     </span>
     <span class='ocr_line' id='line_1_13' title="bbox 345 1115 966 1160; baseline 0.002 -10"><span class='ocrx_word' id='word_1_85' title='bbox 345 1125 407 1150; x_wconf 84' lang='lat' dir='ltr'>sue</span> <span class='ocrx_word' id='word_1_86' title='bbox 432 1115 604 1159; x_wconf 87' lang='lat' dir='ltr'>pecuniae</span> <span class='ocrx_word' id='word_1_87' title='bbox 630 1119 853 1160; x_wconf 67' lang='lat' dir='ltr'>[messuerunt</span> <span class='ocrx_word' id='word_1_88' title='bbox 878 1118 966 1151; x_wconf 83' lang='lat'>8979</span> 
     </span>
    </p>
   </div>
   <div class='ocr_carea' id='block_1_8' title="bbox 670 1228 1724 1267">
    <p class='ocr_par' dir='ltr' id='par_1_8' title="bbox 670 1228 1724 1267">
     <span class='ocr_line' id='line_1_14' title="bbox 670 1228 1724 1267; baseline 0.002 -4"><span class='ocrx_word' id='word_1_89' title='bbox 670 1228 905 1264; x_wconf 77' lang='lat' dir='ltr'>Accusativus</span> <span class='ocrx_word' id='word_1_90' title='bbox 928 1228 1117 1265; x_wconf 74' lang='lat' dir='ltr'>absolutus</span> <span class='ocrx_word' id='word_1_91' title='bbox 1141 1229 1193 1265; x_wconf 83' lang='lat' dir='ltr'>vel</span> <span class='ocrx_word' id='word_1_92' title='bbox 1216 1229 1301 1265; x_wconf 75' lang='lat' dir='ltr'>aliis</span> <span class='ocrx_word' id='word_1_93' title='bbox 1324 1231 1465 1267; x_wconf 73' lang='lat' dir='ltr'>casibus</span> <span class='ocrx_word' id='word_1_94' title='bbox 1487 1230 1724 1267; x_wconf 74' lang='lat' dir='ltr'>substitutus.-</span> 
     </span>
    </p>
   </div>
   <div class='ocr_carea' id='block_1_9' title="bbox 343 1296 2043 2129">
    <p class='ocr_par' dir='ltr' id='par_1_9' title="bbox 344 1296 1869 1344">
     <span class='ocr_line' id='line_1_15' title="bbox 344 1296 1869 1344; baseline 0.002 -13"><span class='ocrx_word' id='word_1_95' title='bbox 344 1296 527 1340; x_wconf 82' lang='lat' dir='ltr'>piaculum</span> <span class='ocrx_word' id='word_1_96' title='bbox 552 1296 689 1332; x_wconf 87' lang='lat' dir='ltr'>factum</span> <span class='ocrx_word' id='word_1_97' title='bbox 713 1307 779 1341; x_wconf 86' lang='lat' dir='ltr'>per</span> <span class='ocrx_word' id='word_1_98' title='bbox 802 1296 997 1332; x_wconf 87' lang='lat' dir='ltr'>calatorem</span> <span class='ocrx_word' id='word_1_99' title='bbox 1014 1298 1096 1332; x_wconf 76' lang='lat' dir='ltr'>cet-z</span> <span class='ocrx_word' id='word_1_100' title='bbox 1131 1307 1276 1341; x_wconf 83' lang='lat' dir='ltr'>porcam</span> <span class='ocrx_word' id='word_1_101' title='bbox 1301 1301 1339 1334; x_wconf 90' lang='lat' dir='ltr'>et</span> <span class='ocrx_word' id='word_1_102' title='bbox 1363 1309 1495 1343; x_wconf 83' lang='lat' dir='ltr'>agnam</span> <span class='ocrx_word' id='word_1_103' title='bbox 1520 1299 1676 1344; x_wconf 83' lang='lat' dir='ltr'>opimam</span> <span class='ocrx_word' id='word_1_104' title='bbox 1701 1301 1787 1334; x_wconf 81' lang='grc'>5048</span> <span class='ocrx_word' id='word_1_105' title='bbox 1806 1300 1869 1334; x_wconf 82' lang='lat' dir='ltr'>ter.</span> 
     </span>
    </p>

    <p class='ocr_par' dir='ltr' id='par_1_10' title="bbox 344 1352 1283 1399">
     <span class='ocr_line' id='line_1_16' title="bbox 344 1352 1283 1399; baseline 0.003 -13"><span class='ocrx_word' id='word_1_106' title='bbox 344 1355 554 1389; x_wconf 80' lang='lat' dir='ltr'>structores:</span> <span class='ocrx_word' id='word_1_107' title='bbox 581 1353 619 1388; x_wconf 90' lang='lat' dir='ltr'>C.</span> <span class='ocrx_word' id='word_1_108' title='bbox 637 1352 796 1388; x_wconf 86' lang='lat' dir='ltr'>Manium</span> <span class='ocrx_word' id='word_1_109' title='bbox 821 1356 858 1388; x_wconf 91' lang='lat' dir='ltr'>et</span> <span class='ocrx_word' id='word_1_110' title='bbox 883 1352 926 1389; x_wconf 99' lang='lat' dir='ltr'>G.</span> <span class='ocrx_word' id='word_1_111' title='bbox 944 1353 1170 1399; x_wconf 91' lang='lat' dir='ltr'>Aemil[i]um</span> <span class='ocrx_word' id='word_1_112' title='bbox 1194 1356 1283 1389; x_wconf 82' lang='grc'>9395</span> 
     </span>
    </p>

    <p class='ocr_par' dir='ltr' id='par_1_11' title="bbox 343 1408 1042 1453">
     <span class='ocr_line' id='line_1_17' title="bbox 343 1408 1042 1453; baseline 0.003 -10"><span class='ocrx_word' id='word_1_113' title='bbox 343 1408 553 1453; x_wconf 88' lang='lat' dir='ltr'>presedente</span> <span class='ocrx_word' id='word_1_114' title='bbox 577 1412 718 1453; x_wconf 88' lang='lat' dir='ltr'>patrem</span> <span class='ocrx_word' id='word_1_115' title='bbox 742 1412 928 1453; x_wconf 87' lang='lat' dir='ltr'>patratum</span> <span class='ocrx_word' id='word_1_116' title='bbox 952 1412 1042 1445; x_wconf 88' lang='grc'>4209</span> 
     </span>
    </p>

    <p class='ocr_par' dir='ltr' id='par_1_12' title="bbox 344 1464 1304 1508">
     <span class='ocr_line' id='line_1_18' title="bbox 344 1464 1304 1508; baseline 0.003 -9"><span class='ocrx_word' id='word_1_117' title='bbox 344 1475 414 1508; x_wconf 90' lang='lat' dir='ltr'>quo</span> <span class='ocrx_word' id='word_1_118' title='bbox 438 1464 582 1500; x_wconf 83' lang='lat' dir='ltr'>facilius</span> <span class='ocrx_word' id='word_1_119' title='bbox 607 1469 694 1501; x_wconf 87' lang='lat' dir='ltr'>nota</span> <span class='ocrx_word' id='word_1_120' title='bbox 718 1465 768 1500; x_wconf 89' lang='lat' dir='ltr'>sit</span> <span class='ocrx_word' id='word_1_121' title='bbox 791 1465 878 1501; x_wconf 83' lang='lat' dir='ltr'>haec</span> <span class='ocrx_word' id='word_1_122' title='bbox 902 1466 1125 1502; x_wconf 87' lang='lat' dir='ltr'>voluntatem</span> <span class='ocrx_word' id='word_1_123' title='bbox 1153 1469 1241 1502; x_wconf 86' lang='lat'>6469</span> <span class='ocrx_word' id='word_1_124' title='bbox 1254 1467 1304 1494; x_wconf 78' lang='lat' dir='ltr'>zat.</span> 
     </span>
    </p>

    <p class='ocr_par' dir='ltr' id='par_1_13' title="bbox 344 1521 1226 1566">
     <span class='ocr_line' id='line_1_19' title="bbox 344 1521 1226 1566; baseline 0.001 -10"><span class='ocrx_word' id='word_1_125' title='bbox 344 1521 588 1565; x_wconf 80' lang='lat' dir='ltr'>adampliante</span> <span class='ocrx_word' id='word_1_126' title='bbox 610 1521 712 1557; x_wconf 89' lang='lat' dir='ltr'>donis</span> <span class='ocrx_word' id='word_1_127' title='bbox 738 1524 902 1566; x_wconf 86' lang='lat' dir='ltr'>torquem</span> <span class='ocrx_word' id='word_1_128' title='bbox 925 1525 964 1557; x_wconf 88' lang='lat' dir='ltr'>et</span> <span class='ocrx_word' id='word_1_129' title='bbox 988 1522 1108 1558; x_wconf 91' lang='lat' dir='ltr'>velum</span> <span class='ocrx_word' id='word_1_130' title='bbox 1138 1525 1226 1558; x_wconf 83' lang='lat'>4290</span> 
     </span>
    </p>

    <p class='ocr_par' dir='ltr' id='par_1_14' title="bbox 343 1577 2043 1670">
     <span class='ocr_line' id='line_1_20' title="bbox 343 1577 2043 1624; baseline 0.002 -12"><span class='ocrx_word' id='word_1_131' title='bbox 343 1587 416 1612; x_wconf 87' lang='lat' dir='ltr'>una</span> <span class='ocrx_word' id='word_1_132' title='bbox 439 1580 477 1612; x_wconf 87' lang='lat' dir='ltr'>et</span> <span class='ocrx_word' id='word_1_133' title='bbox 502 1577 555 1613; x_wconf 90' lang='lat' dir='ltr'>bis</span> <span class='ocrx_word' id='word_1_134' title='bbox 578 1587 682 1614; x_wconf 87' lang='lat' dir='ltr'>senas</span> <span class='ocrx_word' id='word_1_135' title='bbox 714 1582 833 1613; x_wconf 86' lang='lat' dir='ltr'>turres</span> <span class='ocrx_word' id='word_1_136' title='bbox 863 1578 1070 1614; x_wconf 80' lang='lat' dir='ltr'>crescebant</span> <span class='ocrx_word' id='word_1_137' title='bbox 1100 1579 1136 1614; x_wconf 91' lang='lat' dir='ltr'>in</span> <span class='ocrx_word' id='word_1_138' title='bbox 1161 1579 1284 1615; x_wconf 86' lang='lat' dir='ltr'>ordine</span> <span class='ocrx_word' id='word_1_139' title='bbox 1308 1583 1422 1622; x_wconf 89' lang='lat' dir='ltr'>totas,</span> <span class='ocrx_word' id='word_1_140' title='bbox 1456 1579 1657 1615; x_wconf 89' lang='lat' dir='ltr'>mirabilem</span> <span class='ocrx_word' id='word_1_141' title='bbox 1686 1588 1830 1624; x_wconf 83' lang='lat' dir='ltr'>operam</span> <span class='ocrx_word' id='word_1_142' title='bbox 1860 1579 1929 1615; x_wconf 86' lang='lat' dir='ltr'>cito</span> <span class='ocrx_word' id='word_1_143' title='bbox 1958 1589 2043 1615; x_wconf 91' lang='lat' dir='ltr'>con-</span> 
     </span>
     <span class='ocr_line' id='line_1_21' title="bbox 413 1634 831 1670; baseline 0 -2"><span class='ocrx_word' id='word_1_144' title='bbox 413 1636 552 1669; x_wconf 84' lang='lat' dir='ltr'>structa</span> <span class='ocrx_word' id='word_1_145' title='bbox 575 1634 719 1670; x_wconf 87' lang='lat' dir='ltr'>videtur</span> <span class='ocrx_word' id='word_1_146' title='bbox 744 1637 831 1670; x_wconf 84' lang='lat'>5340</span> 
     </span>
    </p>

    <p class='ocr_par' dir='ltr' id='par_1_15' title="bbox 344 1682 1543 1737">
     <span class='ocr_line' id='line_1_22' title="bbox 344 1682 1543 1737; baseline 0.003 -12"><span class='ocrx_word' id='word_1_147' title='bbox 344 1700 425 1725; x_wconf 90' lang='lat' dir='ltr'>cum</span> <span class='ocrx_word' id='word_1_148' title='bbox 449 1690 554 1735; x_wconf 89' lang='lat' dir='ltr'>signo</span> <span class='ocrx_word' id='word_1_149' title='bbox 578 1691 766 1726; x_wconf 88' lang='lat' dir='ltr'>Nemesem</span> <span class='ocrx_word' id='word_1_150' title='bbox 789 1682 895 1734; x_wconf 84' lang='grc'>4111,</span> <span class='ocrx_word' id='word_1_151' title='bbox 927 1701 1008 1727; x_wconf 88' lang='lat' dir='ltr'>cum</span> <span class='ocrx_word' id='word_1_152' title='bbox 1032 1691 1156 1736; x_wconf 85' lang='lat' dir='ltr'>sigillo</span> <span class='ocrx_word' id='word_1_153' title='bbox 1180 1692 1339 1737; x_wconf 80' lang='lat' dir='ltr'>Frugem</span> <span class='ocrx_word' id='word_1_154' title='bbox 1358 1692 1432 1737; x_wconf 73' lang='lat' dir='ltr'>(sic)</span> <span class='ocrx_word' id='word_1_155' title='bbox 1457 1696 1543 1728; x_wconf 88' lang='grc'>4112</span> 
     </span>
    </p>

    <p class='ocr_par' dir='ltr' id='par_1_16' title="bbox 344 1746 1103 1784">
     <span class='ocr_line' id='line_1_23' title="bbox 344 1746 1103 1784; baseline 0.004 -3"><span class='ocrx_word' id='word_1_156' title='bbox 344 1746 420 1781; x_wconf 87' lang='lat' dir='ltr'>sine</span> <span class='ocrx_word' id='word_1_157' title='bbox 444 1746 652 1782; x_wconf 88' lang='lat' dir='ltr'>alteritrum</span> <span class='ocrx_word' id='word_1_158' title='bbox 677 1746 789 1782; x_wconf 88' lang='lat' dir='ltr'>animi</span> <span class='ocrx_word' id='word_1_159' title='bbox 812 1746 984 1784; x_wconf 82' lang='lat' dir='ltr'>lesionem</span> <span class='ocrx_word' id='word_1_160' title='bbox 1015 1751 1103 1784; x_wconf 85' lang='lat'>7518</span> 
     </span>
    </p>

    <p class='ocr_par' dir='ltr' id='par_1_17' title="bbox 345 1802 1331 1848">
     <span class='ocr_line' id='line_1_24' title="bbox 345 1802 1331 1848; baseline 0.003 -11"><span class='ocrx_word' id='word_1_161' title='bbox 345 1802 570 1838; x_wconf 82' lang='lat' dir='ltr'>liberationis</span> <span class='ocrx_word' id='word_1_162' title='bbox 594 1803 793 1848; x_wconf 88' lang='lat' dir='ltr'>periculum</span> <span class='ocrx_word' id='word_1_163' title='bbox 817 1804 925 1839; x_wconf 85' lang='lat' dir='ltr'>maris</span> <span class='ocrx_word' id='word_1_164' title='bbox 950 1807 1075 1840; x_wconf 84' lang='lat' dir='ltr'>votum</span> <span class='ocrx_word' id='word_1_165' title='bbox 1099 1804 1242 1840; x_wconf 89' lang='lat' dir='ltr'>solvent</span> <span class='ocrx_word' id='word_1_166' title='bbox 1267 1807 1331 1840; x_wconf 80' lang='lat'>818</span> 
     </span>
    </p>

    <p class='ocr_par' dir='ltr' id='par_1_18' title="bbox 344 1858 807 1903">
     <span class='ocr_line' id='line_1_25' title="bbox 344 1858 807 1903; baseline 0.002 -10"><span class='ocrx_word' id='word_1_167' title='bbox 344 1858 532 1903; x_wconf 85' lang='lat' dir='ltr'>dip[l]oma</span> <span class='ocrx_word' id='word_1_168' title='bbox 556 1859 687 1895; x_wconf 83' lang='lat' dir='ltr'>circavi</span> <span class='ocrx_word' id='word_1_169' title='bbox 721 1862 807 1894; x_wconf 86' lang='grc'>1710</span> 
     </span>
    </p>

    <p class='ocr_par' dir='ltr' id='par_1_19' title="bbox 343 1914 1128 1959">
     <span class='ocr_line' id='line_1_26' title="bbox 343 1914 1128 1959; baseline 0.003 -10"><span class='ocrx_word' id='word_1_170' title='bbox 343 1914 387 1949; x_wconf 86' lang='lat' dir='ltr'>ab</span> <span class='ocrx_word' id='word_1_171' title='bbox 412 1914 631 1951; x_wconf 86' lang='lat' dir='ltr'>alterutrum</span> <span class='ocrx_word' id='word_1_172' title='bbox 655 1915 723 1951; x_wconf 86' lang='lat' dir='ltr'>sibi</span> <span class='ocrx_word' id='word_1_173' title='bbox 747 1915 1006 1959; x_wconf 67' lang='lat' dir='ltr'>reddfiderunt)</span> <span class='ocrx_word' id='word_1_174' title='bbox 1041 1919 1128 1951; x_wconf 79' lang='lat'>5039</span> 
     </span>
    </p>

    <p class='ocr_par' dir='ltr' id='par_1_20' title="bbox 343 1971 1387 2017">
     <span class='ocr_line' id='line_1_27' title="bbox 343 1971 1387 2017; baseline 0.002 -12"><span class='ocrx_word' id='word_1_175' title='bbox 343 1980 407 2014; x_wconf 89' lang='lat' dir='ltr'>pro</span> <span class='ocrx_word' id='word_1_176' title='bbox 430 1980 556 2006; x_wconf 86' lang='lat' dir='ltr'>novem</span> <span class='ocrx_word' id='word_1_177' title='bbox 582 1971 741 2016; x_wconf 85' lang='lat' dir='ltr'>optinuit</span> <span class='ocrx_word' id='word_1_178' title='bbox 765 1972 905 2017; x_wconf 90' lang='lat' dir='ltr'>populis</span> <span class='ocrx_word' id='word_1_179' title='bbox 929 1972 1119 2017; x_wconf 88' lang='lat' dir='ltr'>seiungere</span> <span class='ocrx_word' id='word_1_180' title='bbox 1143 1971 1267 2008; x_wconf 85' lang='lat' dir='ltr'>Gallos</span> <span class='ocrx_word' id='word_1_181' title='bbox 1301 1974 1387 2007; x_wconf 88' lang='grc'>6961</span> 
     </span>
    </p>

    <p class='ocr_par' dir='ltr' id='par_1_21' title="bbox 345 2028 1917 2082">
     <span class='ocr_line' id='line_1_28' title="bbox 345 2028 1917 2082; baseline 0.002 -21"><span class='ocrx_word' id='word_1_182' title='bbox 345 2037 496 2070; x_wconf 89' lang='lat' dir='ltr'>quorum</span> <span class='ocrx_word' id='word_1_183' title='bbox 520 2031 671 2064; x_wconf 87' lang='lat' dir='ltr'>mortem</span> <span class='ocrx_word' id='word_1_184' title='bbox 695 2028 762 2064; x_wconf 89' lang='lat' dir='ltr'>soli</span> <span class='ocrx_word' id='word_1_185' title='bbox 786 2029 888 2063; x_wconf 90' lang='lat' dir='ltr'>XXX</span> <span class='ocrx_word' id='word_1_186' title='bbox 911 2028 987 2064; x_wconf 90' lang='lat' dir='ltr'>dies</span> <span class='ocrx_word' id='word_1_187' title='bbox 1011 2028 1259 2064; x_wconf 87' lang='lat' dir='ltr'>interfuerunt</span> <span class='ocrx_word' id='word_1_188' title='bbox 1290 2031 1378 2063; x_wconf 80' lang='lat'><strong>7723</strong></span> <span class='ocrx_word' id='word_1_189' title='bbox 1910 2075 1917 2082; x_wconf 43' lang='lat'><strong>·</strong></span> 
     </span>
    </p>

    <p class='ocr_par' dir='ltr' id='par_1_22' title="bbox 344 2083 1876 2129">
     <span class='ocr_line' id='line_1_29' title="bbox 344 2083 1876 2129; baseline 0.001 -11"><span class='ocrx_word' id='word_1_190' title='bbox 344 2093 381 2118; x_wconf 87' lang='lat' dir='ltr'>se</span> <span class='ocrx_word' id='word_1_191' title='bbox 406 2083 508 2119; x_wconf 87' lang='lat' dir='ltr'>vivos</span> <span class='ocrx_word' id='word_1_192' title='bbox 532 2084 696 2120; x_wconf 85' lang='lat' dir='ltr'>fecerunt</span> <span class='ocrx_word' id='word_1_193' title='bbox 719 2088 824 2126; x_wconf 82' lang='grc'>7621;</span> <span class='ocrx_word' id='word_1_194' title='bbox 863 2084 909 2129; x_wconf 81' lang='lat' dir='ltr'>cf.</span> <span class='ocrx_word' id='word_1_195' title='bbox 934 2095 992 2120; x_wconf 92' lang='lat' dir='ltr'>me</span> <span class='ocrx_word' id='word_1_196' title='bbox 1016 2084 1122 2120; x_wconf 83' lang='lat' dir='ltr'>vivus</span> <span class='ocrx_word' id='word_1_197' title='bbox 1146 2084 1214 2121; x_wconf 85' lang='lat' dir='ltr'>feci</span> <span class='ocrx_word' id='word_1_198' title='bbox 1239 2084 1326 2120; x_wconf 88' lang='lat' dir='ltr'>mihi</span> <span class='ocrx_word' id='word_1_199' title='bbox 1353 2087 1451 2127; x_wconf 89' lang='grc'>1470,</span> <span class='ocrx_word' id='word_1_200' title='bbox 1487 2084 1574 2120; x_wconf 87' lang='lat' dir='ltr'>fecit</span> <span class='ocrx_word' id='word_1_201' title='bbox 1598 2094 1636 2120; x_wconf 87' lang='lat' dir='ltr'>se</span> <span class='ocrx_word' id='word_1_202' title='bbox 1660 2084 1765 2120; x_wconf 85' lang='lat' dir='ltr'>vibus</span> <span class='ocrx_word' id='word_1_203' title='bbox 1789 2086 1876 2120; x_wconf 82' lang='grc'>7542</span> 
     </span>
    </p>
   </div>
   <div class='ocr_carea' id='block_1_10' title="bbox 410 2185 1984 2232">
    <p class='ocr_par' dir='ltr' id='par_1_23' title="bbox 410 2185 1984 2232">
     <span class='ocr_line' id='line_1_30' title="bbox 410 2185 1984 2232; baseline 0.001 -12"><span class='ocrx_word' id='word_1_204' title='bbox 410 2185 459 2220; x_wconf 78' lang='lat' dir='ltr'>In</span> <span class='ocrx_word' id='word_1_205' title='bbox 486 2185 603 2221; x_wconf 71' lang='lat' dir='ltr'>titulis</span> <span class='ocrx_word' id='word_1_206' title='bbox 626 2186 831 2222; x_wconf 74' lang='lat' dir='ltr'>honorariis</span> <span class='ocrx_word' id='word_1_207' title='bbox 854 2197 985 2222; x_wconf 76' lang='lat' dir='ltr'>nomen</span> <span class='ocrx_word' id='word_1_208' title='bbox 1010 2186 1177 2222; x_wconf 68' lang='lat' dir='ltr'>honorati</span> <span class='ocrx_word' id='word_1_209' title='bbox 1199 2198 1286 2222; x_wconf 71' lang='lat' dir='ltr'>casu</span> <span class='ocrx_word' id='word_1_210' title='bbox 1309 2189 1436 2231; x_wconf 80' lang='lat' dir='ltr'>quarto</span> <span class='ocrx_word' id='word_1_211' title='bbox 1454 2188 1541 2231; x_wconf 79' lang='lat' dir='ltr'>(non</span> <span class='ocrx_word' id='word_1_212' title='bbox 1557 2186 1685 2232; x_wconf 82' lang='lat' dir='ltr'>tertio),</span> <span class='ocrx_word' id='word_1_213' title='bbox 1708 2197 1806 2222; x_wconf 86' lang='lat' dir='ltr'>more</span> <span class='ocrx_word' id='word_1_214' title='bbox 1826 2185 1984 2223; x_wconf 75' lang='lat' dir='ltr'>Graeco:</span> 
     </span>
    </p>
   </div>
   <div class='ocr_carea' id='block_1_11' title="bbox 344 2252 2043 2350">
    <p class='ocr_par' dir='ltr' id='par_1_24' title="bbox 344 2252 2043 2350">
     <span class='ocr_line' id='line_1_31' title="bbox 344 2252 2043 2298; baseline 0.001 -11"><span class='ocrx_word' id='word_1_215' title='bbox 344 2252 385 2287; x_wconf 77' lang='lat' dir='ltr'>i‘n</span> <span class='ocrx_word' id='word_1_216' title='bbox 408 2253 612 2298; x_wconf 75' lang='lat' dir='ltr'>reqionibus</span> <span class='ocrx_word' id='word_1_217' title='bbox 640 2253 789 2290; x_wconf 73' lang='lat' dir='ltr'>Graecis</span> <span class='ocrx_word' id='word_1_218' title='bbox 821 2257 897 2289; x_wconf 85' lang='lat'>851.</span> <span class='ocrx_word' id='word_1_219' title='bbox 923 2257 1000 2290; x_wconf 85' lang='lat'>864.</span> <span class='ocrx_word' id='word_1_220' title='bbox 1027 2256 1103 2290; x_wconf 87' lang='grc'>865.</span> <span class='ocrx_word' id='word_1_221' title='bbox 1134 2257 1210 2290; x_wconf 87' lang='grc'>866.</span> <span class='ocrx_word' id='word_1_222' title='bbox 1237 2257 1315 2290; x_wconf 88' lang='grc'>868.</span> <span class='ocrx_word' id='word_1_223' title='bbox 1350 2257 1446 2290; x_wconf 87' lang='grc'>1095.</span> <span class='ocrx_word' id='word_1_224' title='bbox 1481 2257 1578 2289; x_wconf 81' lang='lat'>1373.</span> <span class='ocrx_word' id='word_1_225' title='bbox 1612 2257 1707 2289; x_wconf 81' lang='lat'>1575.</span> <span class='ocrx_word' id='word_1_226' title='bbox 1741 2256 1840 2289; x_wconf 90' lang='grc'>8947.</span> <span class='ocrx_word' id='word_1_227' title='bbox 1872 2255 2043 2290; x_wconf 66' lang='grc'>89618-1).</span> 
     </span>
     <span class='ocr_line' id='line_1_32' title="bbox 415 2309 1009 2350; baseline 0.005 -7"><span class='ocrx_word' id='word_1_228' title='bbox 415 2311 516 2350; x_wconf 83' lang='grc'>8970;</span> <span class='ocrx_word' id='word_1_229' title='bbox 558 2309 650 2345; x_wconf 77' lang='lat' dir='ltr'>alibi</span> <span class='ocrx_word' id='word_1_230' title='bbox 675 2313 770 2346; x_wconf 82' lang='lat'>1222.</span> <span class='ocrx_word' id='word_1_231' title='bbox 798 2314 895 2346; x_wconf 81' lang='lat'>1357.</span> <span class='ocrx_word' id='word_1_232' title='bbox 921 2314 1009 2346; x_wconf 86' lang='lat'>2929</span> 
     </span>
    </p>
   </div>
   <div class='ocr_carea' id='block_1_12' title="bbox 345 2412 2044 2840">
    <p class='ocr_par' dir='ltr' id='par_1_25' title="bbox 345 2412 2044 2840">
     <span class='ocr_line' id='line_1_33' title="bbox 1008 2412 1391 2448; baseline 0 -1"><span class='ocrx_word' id='word_1_233' title='bbox 1008 2412 1201 2448; x_wconf 76' lang='lat' dir='ltr'>Struetura</span> <span class='ocrx_word' id='word_1_234' title='bbox 1226 2412 1391 2448; x_wconf 76' lang='lat' dir='ltr'>turbata:</span> 
     </span>
     <span class='ocr_line' id='line_1_34' title="bbox 345 2466 2044 2514; baseline 0.002 -14"><span class='ocrx_word' id='word_1_235' title='bbox 345 2476 410 2510; x_wconf 88' lang='lat' dir='ltr'>pro</span> <span class='ocrx_word' id='word_1_236' title='bbox 440 2466 558 2501; x_wconf 87' lang='lat' dir='ltr'>salute</span> <span class='ocrx_word' id='word_1_237' title='bbox 587 2466 673 2511; x_wconf 89' lang='lat' dir='ltr'>imp.</span> <span class='ocrx_word' id='word_1_238' title='bbox 699 2468 861 2504; x_wconf 86' lang='lat' dir='ltr'>Caesaris</span> <span class='ocrx_word' id='word_1_239' title='bbox 891 2469 967 2504; x_wconf 89' lang='lat' dir='ltr'>divi</span> <span class='ocrx_word' id='word_1_240' title='bbox 992 2469 1207 2513; x_wconf 82' lang='lat' dir='ltr'>Vespasiani</span> <span class='ocrx_word' id='word_1_241' title='bbox 1236 2470 1261 2504; x_wconf 88' lang='lat' dir='ltr'>f.</span> <span class='ocrx_word' id='word_1_242' title='bbox 1292 2468 1509 2514; x_wconf 87' lang='lat' dir='ltr'>Domi[tiani</span> <span class='ocrx_word' id='word_1_243' title='bbox 1539 2469 1636 2513; x_wconf 86' lang='lat' dir='ltr'>Aug.</span> <span class='ocrx_word' id='word_1_244' title='bbox 1664 2467 1885 2514; x_wconf 82' lang='lat' dir='ltr'>GermaniJci</span> <span class='ocrx_word' id='word_1_245' title='bbox 1913 2469 2044 2513; x_wconf 84' lang='lat' dir='ltr'>pontif.</span> 
     </span>
     <span class='ocr_line' id='line_1_35' title="bbox 414 2522 1656 2569; baseline 0.002 -13"><span class='ocrx_word' id='word_1_246' title='bbox 414 2522 560 2557; x_wconf 82' lang='lat' dir='ltr'>maximi</span> <span class='ocrx_word' id='word_1_247' title='bbox 586 2526 623 2558; x_wconf 89' lang='lat' dir='ltr'>et</span> <span class='ocrx_word' id='word_1_248' title='bbox 646 2523 827 2559; x_wconf 80' lang='lat' dir='ltr'>Domitiae</span> <span class='ocrx_word' id='word_1_249' title='bbox 851 2525 945 2569; x_wconf 85' lang='lat' dir='ltr'>Aug.</span> <span class='ocrx_word' id='word_1_250' title='bbox 963 2527 1025 2561; x_wconf 82' lang='lat' dir='ltr'>cet.</span> <span class='ocrx_word' id='word_1_251' title='bbox 1050 2525 1228 2568; x_wconf 87' lang='lat' dir='ltr'>totique</span> <span class='ocrx_word' id='word_1_252' title='bbox 1252 2525 1396 2560; x_wconf 88' lang='lat' dir='ltr'>domui</span> <span class='ocrx_word' id='word_1_253' title='bbox 1420 2535 1543 2560; x_wconf 90' lang='lat' dir='ltr'>eorum</span> <span class='ocrx_word' id='word_1_254' title='bbox 1569 2527 1656 2559; x_wconf 86' lang='grc'>5034</span> 
     </span>
     <span class='ocr_line' id='line_1_36' title="bbox 346 2578 2043 2625; baseline 0.001 -13"><span class='ocrx_word' id='word_1_255' title='bbox 346 2588 410 2622; x_wconf 87' lang='lat' dir='ltr'>pro</span> <span class='ocrx_word' id='word_1_256' title='bbox 434 2578 553 2613; x_wconf 86' lang='lat' dir='ltr'>salute</span> <span class='ocrx_word' id='word_1_257' title='bbox 577 2578 806 2624; x_wconf 87' lang='lat' dir='ltr'>imperatoris</span> <span class='ocrx_word' id='word_1_258' title='bbox 830 2581 877 2616; x_wconf 90' lang='lat' dir='ltr'>M.</span> <span class='ocrx_word' id='word_1_259' title='bbox 894 2581 1030 2616; x_wconf 87' lang='lat' dir='ltr'>Antoni</span> <span class='ocrx_word' id='word_1_260' title='bbox 1053 2581 1221 2617; x_wconf 86' lang='lat' dir='ltr'>Gordiani</span> <span class='ocrx_word' id='word_1_261' title='bbox 1238 2585 1300 2618; x_wconf 81' lang='lat' dir='ltr'>cet.</span> <span class='ocrx_word' id='word_1_262' title='bbox 1327 2584 1508 2625; x_wconf 87' lang='lat' dir='ltr'>totaque</span> <span class='ocrx_word' id='word_1_263' title='bbox 1537 2581 1661 2617; x_wconf 91' lang='lat' dir='ltr'>domu</span> <span class='ocrx_word' id='word_1_264' title='bbox 1690 2580 1801 2617; x_wconf 86' lang='lat' dir='ltr'>divin.</span> <span class='ocrx_word' id='word_1_265' title='bbox 1825 2589 1947 2615; x_wconf 88' lang='lat' dir='ltr'>eorum</span> <span class='ocrx_word' id='word_1_266' title='bbox 1979 2581 2043 2614; x_wconf 87' lang='grc'>502</span> 
     </span>
     <span class='ocr_line' id='line_1_37' title="bbox 345 2635 1408 2682; baseline 0.003 -13"><span class='ocrx_word' id='word_1_267' title='bbox 345 2645 410 2679; x_wconf 89' lang='lat' dir='ltr'>pro</span> <span class='ocrx_word' id='word_1_268' title='bbox 436 2635 552 2670; x_wconf 88' lang='lat' dir='ltr'>salute</span> <span class='ocrx_word' id='word_1_269' title='bbox 576 2635 616 2670; x_wconf 94' lang='lat' dir='ltr'>P.</span> <span class='ocrx_word' id='word_1_270' title='bbox 634 2635 803 2671; x_wconf 85' lang='lat' dir='ltr'>Betuleni</span> <span class='ocrx_word' id='word_1_271' title='bbox 830 2638 918 2682; x_wconf 89' lang='lat' dir='ltr'>Apri</span> <span class='ocrx_word' id='word_1_272' title='bbox 941 2637 1191 2682; x_wconf 88' lang='lat' dir='ltr'>liberisque</span> <span class='ocrx_word' id='word_1_273' title='bbox 1215 2638 1294 2674; x_wconf 88' lang='lat' dir='ltr'>eius</span> <span class='ocrx_word' id='word_1_274' title='bbox 1322 2640 1408 2673; x_wconf 83' lang='lat'>3378</span> 
     </span>
     <span class='ocr_line' id='line_1_38' title="bbox 345 2690 1726 2739; baseline 0.001 -14"><span class='ocrx_word' id='word_1_275' title='bbox 345 2690 400 2726; x_wconf 89' lang='lat' dir='ltr'>dis</span> <span class='ocrx_word' id='word_1_276' title='bbox 423 2690 587 2726; x_wconf 86' lang='lat' dir='ltr'>manibus</span> <span class='ocrx_word' id='word_1_277' title='bbox 612 2692 654 2727; x_wconf 94' lang='lat' dir='ltr'>A.</span> <span class='ocrx_word' id='word_1_278' title='bbox 679 2692 790 2727; x_wconf 85' lang='lat' dir='ltr'>Grani</span> <span class='ocrx_word' id='word_1_279' title='bbox 815 2693 931 2728; x_wconf 89' lang='lat' dir='ltr'>Attici</span> <span class='ocrx_word' id='word_1_280' title='bbox 955 2693 1063 2729; x_wconf 87' lang='lat' dir='ltr'>seviri</span> <span class='ocrx_word' id='word_1_281' title='bbox 1087 2694 1301 2739; x_wconf 86' lang='lat' dir='ltr'>Augustali,</span> <span class='ocrx_word' id='word_1_282' title='bbox 1333 2694 1533 2729; x_wconf 84' lang='lat' dir='ltr'>adlectus</span> <span class='ocrx_word' id='word_1_283' title='bbox 1549 2695 1612 2728; x_wconf 77' lang='lat' dir='ltr'>cet.</span> <span class='ocrx_word' id='word_1_284' title='bbox 1638 2695 1726 2728; x_wconf 87' lang='grc'>6160</span> 
     </span>
     <span class='ocr_line' id='line_1_39' title="bbox 347 2746 2043 2793; baseline 0.001 -11"><span class='ocrx_word' id='word_1_285' title='bbox 347 2748 388 2782; x_wconf 92' lang='lat' dir='ltr'>P.</span> <span class='ocrx_word' id='word_1_286' title='bbox 414 2746 588 2792; x_wconf 82' lang='lat' dir='ltr'>Paquius,</span> <span class='ocrx_word' id='word_1_287' title='bbox 620 2747 776 2784; x_wconf 84' lang='lat' dir='ltr'>Scaevae</span> <span class='ocrx_word' id='word_1_288' title='bbox 801 2752 838 2784; x_wconf 89' lang='lat' dir='ltr'>et</span> <span class='ocrx_word' id='word_1_289' title='bbox 861 2748 1011 2785; x_wconf 85' lang='lat' dir='ltr'>Flaviae</span> <span class='ocrx_word' id='word_1_290' title='bbox 1041 2750 1135 2785; x_wconf 85' lang='lat' dir='ltr'>filius</span> <span class='ocrx_word' id='word_1_291' title='bbox 1159 2752 1219 2785; x_wconf 80' lang='lat' dir='ltr'>eet.</span> <span class='ocrx_word' id='word_1_292' title='bbox 1252 2750 1383 2785; x_wconf 87' lang='lat' dir='ltr'>misso</span> <span class='ocrx_word' id='word_1_293' title='bbox 1413 2749 1464 2784; x_wconf 85' lang='lat' dir='ltr'>ad</span> <span class='ocrx_word' id='word_1_294' title='bbox 1489 2748 1770 2793; x_wconf 84' lang='lat' dir='ltr'>componendum</span> <span class='ocrx_word' id='word_1_295' title='bbox 1793 2751 1932 2784; x_wconf 86' lang='lat' dir='ltr'>statum</span> <span class='ocrx_word' id='word_1_296' title='bbox 1961 2758 2043 2792; x_wconf 85' lang='lat' dir='ltr'>pro-</span> 
     </span>
     <span class='ocr_line' id='line_1_40' title="bbox 415 2803 729 2840; baseline 0 -1"><span class='ocrx_word' id='word_1_297' title='bbox 415 2803 553 2839; x_wconf 83' lang='lat' dir='ltr'>vinciae</span> <span class='ocrx_word' id='word_1_298' title='bbox 575 2806 638 2840; x_wconf 83' lang='lat' dir='ltr'>cet.</span> <span class='ocrx_word' id='word_1_299' title='bbox 664 2807 729 2839; x_wconf 82' lang='lat'>915</span> 
     </span>
    </p>
   </div>
   <div class='ocr_carea' id='block_1_13' title="bbox 707 2884 1695 2986">
    <p class='ocr_par' dir='ltr' id='par_1_26' title="bbox 707 2884 1695 2986">
     <span class='ocr_line' id='line_1_41' title="bbox 1110 2884 1412 2929; baseline 0 -10"><span class='ocrx_word' id='word_1_300' title='bbox 1110 2884 1247 2920; x_wconf 77' lang='lat' dir='ltr'>similia</span> <span class='ocrx_word' id='word_1_301' title='bbox 1268 2885 1412 2929; x_wconf 75' lang='lat' dir='ltr'>passim</span> 
     </span>
     <span class='ocr_line' id='line_1_42' title="bbox 707 2939 1695 2986; baseline 0 -12"><span class='ocrx_word' id='word_1_302' title='bbox 707 2939 872 2975; x_wconf 81' lang='lat' dir='ltr'>Pluralis</span> <span class='ocrx_word' id='word_1_303' title='bbox 888 2951 962 2984; x_wconf 79' lang='lat' dir='ltr'>pro</span> <span class='ocrx_word' id='word_1_304' title='bbox 986 2940 1171 2986; x_wconf 76' lang='lat' dir='ltr'>sinyulari</span> <span class='ocrx_word' id='word_1_305' title='bbox 1194 2941 1421 2985; x_wconf 75' lang='lat' dir='ltr'>(constructio</span> <span class='ocrx_word' id='word_1_306' title='bbox 1445 2942 1494 2976; x_wconf 84' lang='lat' dir='ltr'>ad</span> <span class='ocrx_word' id='word_1_307' title='bbox 1516 2941 1695 2983; x_wconf 61' lang='lat' dir='ltr'>sensum:</span> 
     </span>
    </p>
   </div>
   <div class='ocr_carea' id='block_1_14' title="bbox 346 3005 2042 3165">
    <p class='ocr_par' dir='ltr' id='par_1_27' title="bbox 346 3005 2042 3165">
     <span class='ocr_line' id='line_1_43' title="bbox 346 3005 2042 3051; baseline -0.001 -11"><span class='ocrx_word' id='word_1_308' title='bbox 346 3005 448 3049; x_wconf 87' lang='lat' dir='ltr'>isque</span> <span class='ocrx_word' id='word_1_309' title='bbox 473 3008 643 3051; x_wconf 77' lang='lat' dir='ltr'>(praetor)</span> <span class='ocrx_word' id='word_1_310' title='bbox 673 3007 716 3042; x_wconf 89' lang='lat' dir='ltr'>de</span> <span class='ocrx_word' id='word_1_311' title='bbox 740 3012 908 3043; x_wconf 84' lang='lat' dir='ltr'>senatuos</span> <span class='ocrx_word' id='word_1_312' title='bbox 939 3009 1143 3043; x_wconf 73' lang='lat' dir='ltr'>sententiad</span> <span class='ocrx_word' id='word_1_313' title='bbox 1175 3008 1260 3043; x_wconf 89' lang='lat' dir='ltr'>dum</span> <span class='ocrx_word' id='word_1_314' title='bbox 1285 3019 1330 3043; x_wconf 88' lang='lat' dir='ltr'>ne</span> <span class='ocrx_word' id='word_1_315' title='bbox 1355 3007 1471 3043; x_wconf 88' lang='lat' dir='ltr'>minus</span> <span class='ocrx_word' id='word_1_316' title='bbox 1496 3005 1721 3043; x_wconf 85' lang='lat' dir='ltr'>senatoribus</span> <span class='ocrx_word' id='word_1_317' title='bbox 1747 3005 1775 3041; x_wconf 87' lang='lat' dir='ltr'>C</span> <span class='ocrx_word' id='word_1_318' title='bbox 1805 3005 1953 3041; x_wconf 80' lang='lat' dir='ltr'>adesent</span> <span class='ocrx_word' id='word_1_319' title='bbox 1969 3031 1978 3039; x_wconf 84' lang='lat'>.</span> <span class='ocrx_word' id='word_1_320' title='bbox 1996 3030 2004 3038; x_wconf 95' lang='lat'>.</span> <span class='ocrx_word' id='word_1_321' title='bbox 2022 3029 2042 3048; x_wconf 88' lang='lat'>.,</span> 
     </span>
     <span class='ocr_line' id='line_1_44' title="bbox 414 3062 725 3098; baseline 0 0"><span class='ocrx_word' id='word_1_322' title='bbox 414 3062 589 3098; x_wconf 86' lang='lat' dir='ltr'>iousisent</span> <span class='ocrx_word' id='word_1_323' title='bbox 614 3065 654 3098; x_wconf 89' lang='lat'>18</span> <span class='ocrx_word' id='word_1_324' title='bbox 672 3063 725 3098; x_wconf 75' lang='lat' dir='ltr'>bis</span> 
     </span>
     <span class='ocr_line' id='line_1_45' title="bbox 347 3119 1761 3165; baseline -0.001 -11"><span class='ocrx_word' id='word_1_325' title='bbox 347 3128 462 3163; x_wconf 87' lang='lat' dir='ltr'>neque</span> <span class='ocrx_word' id='word_1_326' title='bbox 487 3119 676 3163; x_wconf 85' lang='lat' dir='ltr'>quisquam</span> <span class='ocrx_word' id='word_1_327' title='bbox 701 3123 776 3154; x_wconf 90' lang='lat' dir='ltr'>tam</span> <span class='ocrx_word' id='word_1_328' title='bbox 802 3129 931 3164; x_wconf 87' lang='lat' dir='ltr'>magno</span> <span class='ocrx_word' id='word_1_329' title='bbox 956 3125 1116 3165; x_wconf 86' lang='lat' dir='ltr'>tempore</span> <span class='ocrx_word' id='word_1_330' title='bbox 1142 3147 1175 3155; x_wconf 94' lang='lat'>..</span> <span class='ocrx_word' id='word_1_331' title='bbox 1195 3147 1203 3156; x_wconf 93' lang='lat'>.</span> <span class='ocrx_word' id='word_1_332' title='bbox 1228 3121 1417 3156; x_wconf 74' lang='lat' dir='ltr'>convenire</span> <span class='ocrx_word' id='word_1_333' title='bbox 1442 3119 1624 3155; x_wconf 86' lang='lat' dir='ltr'>voluerint</span> <span class='ocrx_word' id='word_1_334' title='bbox 1647 3120 1761 3153; x_wconf 76' lang='lat' dir='ltr'>7215a</span> 
     </span>
    </p>
   </div>
  </div>
 </body>
</html>
