2170 3458
848 218 1034 256 Mantissa.
1576 244 1578 248 x
1628 222 1793 258 CLXVII

137 330 359 378 'iocinoris
386 330 637 377 facinoris¹⁷
666 337 727 376 ter
756 333 885 378 ternis
913 334 1049 383 fecer„
1078 332 1177 376 item
1209 331 1397 376 humis¹8

171 400 301 446 ternis
329 413 458 458 super
487 401 670 457 caespite
699 401 824 446 fecer.
886 403 993 446 Item
1022 401 1138 446 foras
1167 400 1224 444 ad
1253 415 1311 445 ar.
1341 401 1500 446 reversi

71 459 133 534 ,ᾖ
158 481 181 514 s
207 467 342 514 tribus
368 468 488 513 fertis
517 467 650 514 tribus
679 470 865 526 praeeati
896 473 1052 515 sunt19.
1114 467 1280 513 Deinde
1309 468 1354 512 in
1366 472 1404 501 2⁰
1434 483 1495 514 re-

68 536 80 550 ‘'
119 557 127 575 *⁹
176 535 187 546 '
217 537 325 582 ollas
353 551 451 582 cum
482 538 619 593 pultes
649 538 805 594 precati
834 543 933 598 sunt
962 543 1002 583 et
1022 539 1223 592 eonteg.²¹
1255 542 1296 582 et
1323 551 1516 594 promag.

92 652 101 656 ,
144 604 263 651 flam.
291 610 332 650 et
360 606 520 662 publ.²²
550 605 636 650 duo
667 607 906 652 sacerdotes
915 610 954 638 ²3
983 608 1052 652 011.
1083 622 1172 652 aec.
1201 611 1242 652 et
1268 605 1408 651 ianuis
1437 621 1555 663 aper-

19 706 21 711 ·
70 670 109 730 'g'
143 679 247 731 rper'
263 671 420 718 clivum
452 673 579 719 Matri
609 675 767 719 Larum
798 689 947 719 cenam
978 675 1300 720 iactaverunt²⁴.
1360 675 1468 719 Inde
1498 689 1565 719 os-

59 784 73 791 ⁷.
104 761 147 781 ἓν,
182 739 312 786 clusis
341 739 537 787 subsellis
566 744 814 787 marmoreis
844 743 1013 787 consed.
1044 748 1084 787 et
1112 757 1210 799 pan.
1241 743 1415 788 laureat.

52 804 295 867 ,ἕΙίςίυοοε
322 808 455 855 famil.
485 815 526 854 et
554 810 631 855 off.
663 810 877 856 diviser.²⁵
934 812 1040 855 Item
1072 812 1126 856 de
1154 812 1260 856 aede
1290 813 1529 856 exierunt²⁶

0 908 1 911 =
58 875 119 923 5ss
144 881 244 923 ante
271 891 391 923 aram
421 883 624 924 steterunt
653 884 694 923 et
722 893 912 936 promag.
943 885 983 924 et
1011 880 1128 924 flam.
1157 880 1266 924 duos
1298 881 1483 936 collegas

14 963 17 965 ·
73 958 177 996 non
203 945 262 991 ad
289 945 437 1002 fruges
466 948 669 1004 petendas
699 947 854 999 miser„
891 953 931 991 et
959 962 1150 1004 promag.
1183 953 1223 992 et
1250 948 1368 993 flam.
1399 963 1495 993 cum

54 1011 194 1061 {soffia
222 1013 314 1059 vini
342 1014 499 1060 reversi
530 1030 628 1060 cum
657 1015 814 1072 frugib.
846 1017 995 1060 dextra
1023 1015 1152 1061 scifos
1182 1017 1322 1061 dedet.

57 1081 200 1132 heva
224 1082 336 1138 frug.
365 1086 496 1128 acc.²⁷
555 1083 722 1128 Deinde
745 1089 877 1129 carm.
911 1083 1083 1128 dixer.²8
1141 1085 1195 1128 Et
1223 1083 1322 1129 inde
1352 1085 1408 1129 ad
1438 1100 1556 1130 aram

59 1152 223 1196 'omnes
250 1150 407 1196 acerris
436 1156 528 1196 ture
557 1151 692 1210 scytis
721 1151 811 1196 vini
842 1151 967 1197 mulsi
997 1152 1117 1197 laetis
1149 1151 1286 1198 mellis

48 1218 190 1277 passi
217 1218 357 1276 feoer.,
386 1219 548 1281 deinde
569 1220 730 1265 corbul.
761 1234 859 1265 cum
887 1219 1140 1277 panificia2⁹
1169 1235 1246 1277 pro
1275 1220 1454 1265 tesauris
1483 1222 1539 1265 ad

58 1298 191 1340 ,mm
219 1287 468 1332 feeeruntw.
530 1288 697 1333 Deinde
725 1287 769 1332 in
799 1289 906 1333 aede
935 1288 1092 1333 reversi
1122 1292 1267 1333 sunt³1
1298 1294 1337 1333 et
1365 1289 1528 1334 libellos

47 1402 52 1417 ,Β
72 1368 163 1401 ιω.
193 1360 234 1400 et
261 1355 522 1413 tripodantes
551 1371 679 1401 carm.
709 1357 902 1413 legerunt
913 1359 963 1401 ³2.
1022 1358 1076 1401 Et
1103 1357 1211 1414 sign.
1243 1357 1342 1402 dato
1373 1357 1547 1402 official.

40 1417 58 1478 J
74 1419 240 1469 libellos
269 1423 434 1469 reddid.
494 1423 662 1469 Deinde
691 1425 795 1470 deas
823 1429 1240 1482 unguentaverunt³³
1270 1430 1311 1470 et
1338 1440 1401 1471 ce-

47 1500 51 1508 ⁴
72 1504 168 1538 reos
196 1492 539 1538 adcendederunt
554 1498 643 1544 (sic)
673 1498 714 1538 et
742 1493 874 1538 ianua
903 1493 1101 1538 mediana
1129 1495 1236 1538 deae
1265 1493 1376 1538 Diae
1405 1509 1527 1551 aper-

45 1559 48 1560 ’
72 1565 121 1606 ιι
145 1565 218 1606 est.
275 1561 469 1607 Coronae
500 1562 722 1607 donatieae
752 1562 859 1607 deae
889 1561 1011 1619 Diae,
1047 1561 1201 1607 citante
1231 1564 1461 1608 Areseonte

51 1626 353 1675 ‘Manilianoffl
383 1634 580 1676 comm.³⁵
609 1630 649 1675 d.
678 1645 720 1676 n.
753 1630 959 1675 Gordiani
989 1632 1103 1687 Aug.
1135 1636 1175 1675 et
1204 1631 1380 1676 nomina
1408 1640 1514 1676 cete·

46 1709 215 1742 mrum
245 1698 524 1756 sacerdotum,
551 1699 710 1744 inlatae
738 1703 895 1744 sunt-⁹¹⁶.
958 1698 1125 1743 Deinde
1154 1699 1342 1744 libellum
1374 1700 1561 1756 legent³⁷

70 1769 112 1810 ά
138 1764 184 1810 in
211 1781 372 1812 annum
403 1781 522 1825 prox.
551 1768 673 1824 qui³8
703 1782 757 1812 ex
787 1767 1085 1812 Saturnalibus
1117 1767 1299 1825 [p]rimis
1330 1782 1442 1823 mag.
1474 1769 1495 1811 I
1515 1771 1552 1799 ³⁹

3 1886 6 1889 Δ
36 1878 38 1880 ,
72 1838 115 1879 ot
139 1834 258 1880 flam.
289 1836 521 1881 nominant.
581 1835 647 1881 Ibi
677 1835 821 1881 felicia
851 1834 1049 1880 dixerunt
1077 1841 1118 1880 et
1146 1836 1200 1880 de
1229 1837 1336 1881 aede
1366 1851 1486 1893 prae-

39 1926 44 1947 :
70 1901 216 1947 texisti
246 1902 487 1948 deseender.
516 1907 557 1947 et
586 1901 630 1946 in
660 1902 789 1960 papil.
819 1916 920 1947 suos
949 1903 1005 1946 ad
1037 1903 1226 1947 mutand.
1259 1902 1488 1947 introiersto

39 2031 43 2035 .
72 1973 115 2015 et
141 1969 374 2016 cenatoriis·
393 1971 478 2016 alb.
505 1964 595 2016 aec.
626 1976 667 2015 et
696 1970 927 2015 cullaribus
957 1973 1122 2016 verbeo.
1153 1970 1198 2014 in
1227 1976 1382 2015 tetrast.

329 2039 440 2084 (quae
461 2041 668 2084 sequuntur
682 2039 882 2085 perierunt
903 2049 985 2074 cum
1001 2039 1146 2085 paqina
1170 2038 1280 2075 tertia
1301 2050 1417 2085 paene
1441 2041 1531 2084 tota)

187 2106 254 2144 Ea:
277 2106 406 2144 tabula
428 2119 651 2154 marmorea,
680 2119 772 2153 quae
793 2107 1004 2144 continebat
1029 2109 1111 2143 acta
1140 2107 1307 2153 fratrum
1330 2107 1525 2144 Arvalium
1549 2120 1583 2143 a.
1606 2108 1700 2151 240,
1735 2119 1789 2143 re-

28 2172 37 2186 *
72 2166 182 2211 perta
209 2176 244 2201 a.
267 2165 364 2202 1914
386 2164 528 2202 Romae
555 2164 623 2201 sub
652 2164 798 2201 ecclesia
828 2164 867 2201 S
893 2163 1118 2211 Chrysoqoni
1148 2163 1339 2209 (Mancini
1369 2166 1404 2200 et
1425 2164 1617 2201 Mamcchi
1644 2164 1790 2201 Notizie

24 2223 25 2226 ’
74 2221 172 2268 ἆηίἰ
191 2223 292 2258 soavi
310 2222 407 2258 1914
433 2233 471 2268 p.
495 2222 583 2258 466.
607 2222 688 2258 467
707 2232 789 2258 cum
813 2221 917 2267 tab)
952 2241 997 2247 -
1036 2224 1068 2265 1)
1097 2220 1216 2257 Omisi
1237 2232 1329 2266 quae
1351 2232 1397 2257 eae
1419 2222 1529 2258 initio
1551 2221 1702 2266 primae
1717 2232 1790 2267 pa-

26 2307 27 2311 ,
72 2278 184 2326 vinae
205 2281 407 2326 superemur
426 2279 663 2316 indictionem
686 2279 783 2314 sacri
798 2278 886 2315 deae
903 2277 1001 2315 Diae
1016 2290 1138 2315 mense
1153 2277 1338 2314 Ianuario
1353 2278 1494 2323 factam
1519 2278 1578 2324 (ef.
1597 2277 1644 2314 N.
1662 2279 1790 2324 5036),

74 2334 323 2382 aputeum»
349 2337 538 2382 quandam
565 2336 724 2372 similem
761 2347 890 2371 earum
920 2346 1012 2380 quae
1042 2338 1133 2372 sunt
1162 2334 1209 2371 N.
1236 2336 1347 2371 5047.
1374 2336 1488 2378 5048,
1525 2335 1789 2380 cooptationem

23 2411 26 2418 =
76 2393 250 2430 Amasis·
275 2393 419 2430 Titiani
439 2394 482 2430 in
505 2394 623 2430 locum
646 2392 706 2429 ΕΖ.
723 2392 927 2428 Archesilai
949 2392 1091 2438 factam
1114 2404 1159 2428 εει)
1185 2392 1318 2429 litteris
1341 2393 1578 2438 imperatoris
1605 2391 1791 2428 Gordiani

38 2451 43 2455 '
77 2449 278 2494 tribunicia
298 2452 479 2496 potestate
502 2451 664 2494 tertium,
689 2449 791 2486 unde
805 2451 947 2485 constat
963 2449 1008 2485 de
1023 2459 1144 2494 anno,·
1167 2450 1286 2495 recepi
1310 2452 1461 2485 tantum
1483 2461 1575 2494 quae
1590 2453 1790 2495 supersunt

34 2512 35 2515 ’
75 2506 314 2553 donam-iticio
329 2507 417 2544 deae
431 2506 539 2544 Diae.
557 2528 602 2533 -
626 2510 661 2551 2)
683 2508 745 2542 27.
761 2506 852 2551 Mai,
877 2507 941 2551 qui
955 2506 1034 2551 fuit
1056 2506 1133 2542 dies
1149 2507 1301 2551 primus
1317 2506 1499 2551 sacrificii.
1517 2526 1561 2531 —
1587 2508 1621 2551 3)
1645 2506 1803 2543 Fabius

76 2562 311 2601 fortunatus
322 2563 534 2602 Victorinus
550 2566 661 2601 notus
675 2563 754 2599 iam
770 2575 816 2599 ea:
830 2564 924 2600 actis
940 2574 974 2599 a.
983 2564 1063 2599 239
1075 2562 1183 2608 (bull.
1196 2563 1386 2600 eomunale
1397 2565 1489 2600 1911
1502 2574 1538 2610 p.
1551 2565 1650 2609 131).
1661 2576 1696 2600 a.
1704 2565 1787 2600 241.

29 2643 32 2647 -
77 2640 124 2647 -
145 2623 181 2663 4)
207 2621 309 2668 Quae
332 2623 397 2658 est.
431 2641 478 2647 —
513 2624 547 2665 5)
574 2621 698 2657 Clivus
726 2621 921 2666 capsarius
949 2620 1106 2667 iqnotus,
1136 2631 1202 2656 nec
1223 2621 1345 2666 mayis
1369 2623 1460 2657 nota
1483 2622 1565 2666 ipsa
1587 2622 1789 2668 appellatio

16 2719 17 2723 Ἰ
77 2677 256 2715 Aventini
276 2678 431 2715 maim-is
458 2678 681 2720 (Aventinus
705 2678 827 2713 minor
852 2678 1010 2724 fortasse
1031 2676 1309 2723 intelleyebatur
1338 2689 1380 2714 ea
1405 2689 1497 2723 pars
1521 2678 1622 2714 collis
1649 2678 1717 2715 ubi
1738 2682 1792 2715 est

14 2746 38 2787 .'
77 2733 221 2772 ecclesia
237 2734 366 2772 Sancti
380 2733 523 2779 Sabae).
537 2755 584 2762 —
609 2737 642 2779 6)
669 2734 761 2771 Cum
776 2734 843 2770 hac
858 2733 1090 2770 enarratione
1111 2745 1299 2770 sacrorum
1316 2733 1440 2780 primi
1462 2734 1536 2771 diei
1549 2735 1790 2781 conferendae

82 2795 174 2830 sunt
186 2793 437 2829 enarrationes
451 2791 498 2828 N.
513 2793 622 2828 5038
637 2793 673 2828 et
685 2791 920 2838 potissimwm
937 2791 1040 2826 5039
1055 2791 1147 2836 init„
1166 2793 1362 2836 praeterea
1383 2791 1440 2827 VI
1452 2793 1552 2829 2414
1570 2794 1619 2839 (α.
1635 2794 1732 2838 241).
1746 2814 1790 2819 -

12 2858 23 2862 ⁴
79 2853 116 2894 ¹1)
137 2849 260 2887 Iidem
280 2849 390 2895 pueri
410 2848 717 2885 ministraverunt
737 2861 770 2885 a.
786 2849 861 2884 241
885 2847 963 2890 (VI
974 2848 1070 2883 2114
1093 2860 1123 2884 v.
1139 2849 1211 2894 17),
1234 2848 1300 2884 ubi
1322 2851 1505 2894 superest:
1530 2875 1539 2884 .
1556 2875 1565 2884 .
1583 2875 1592 2885 .
1614 2849 1789 2894 Iulianus,

78 2906 120 2944 Ιι.
137 2906 212 2944 ΔΗ.
226 2906 304 2943 Vir.
327 2905 428 2942 Avit.
451 2905 690 2952 Avitian[us].
737 2905 835 2942 Filii
862 2905 1059 2941 videantur
1082 2904 1198 2950 fuisse
1222 2906 1268 2941 L.
1293 2906 1441 2951 Alfenii
1462 2906 1632 2942 Avitiani
1653 2906 1789 2951 fratris

16 2983 17 2987 =
73 2962 223 3000 Amlis
245 2974 281 2999 a.
295 2963 374 2999 218
388 2965 472 2999 eta.
488 2963 573 2998 231.
597 2985 643 2990 -
667 2963 701 3009 8)
726 2962 819 2999 Dies
841 2962 1022 2999 secundus
1044 2963 1142 2998 sacri
1164 2962 1252 2998 deae
1270 2961 1380 3006 Diae,
1403 2963 1451 3008 cf.
1475 2962 1524 2999 N.
1543 2964 1654 2999 5037.
1674 2964 1788 2999 5038.

76 3020 190 3057 6039.
208 3020 324 3056 5040.
347 3041 394 3047 -
429 3019 463 3065 9)
486 3018 648 3056 Foculus
670 3019 728 3055 hic
749 3022 945 3066 argenteus
966 3021 1193 3055 memoratur
1216 3019 1339 3055 eodem
1363 3019 1436 3055 loco
1466 3019 1575 3055 etiam
1599 3019 1648 3055 N.
1674 3021 1788 3056 5038.

2 3099 6 3107 »ψ
77 3077 192 3113 5039.
214 3097 260 3104 -
286 3077 342 3121 10)
372 3075 518 3114 Vaccae.
542 3097 587 3103 —
613 3078 669 3121 11)
693 3075 834 3112 Balnei
854 3075 912 3112 hie
934 3077 1071 3112 mentio
1094 3087 1198 3113 nova.
1218 3097 1259 3102 —
1288 3079 1343 3120 13)
1370 3076 1516 3113 Omissa
1534 3075 1671 3112 mentio
1694 3087 1788 3111 coro-

3 3148 13 3171 a
77 3143 215 3170 narum
247 3133 468 3179 spicearum,
502 3133 544 3169 in
570 3132 761 3179 prioribus
796 3132 908 3169 huius
935 3143 1095 3178 pompae
1125 3132 1423 3169 enarrationibus
1453 3144 1538 3168 raro
1568 3133 1712 3168 omissa.
1747 3154 1786 3157 —

0 3169 13 3268 ῑ

0 3269 13 3375 ξ

0 3381 27 3458 ι,
