2170 3458
415 280 592 317 CLXXVI
1010 279 1182 315 Addenda
1205 282 1241 313 et
1266 279 1498 324 Corrigenda.

525 392 625 429 1998.
650 391 791 427 Nomen
817 390 926 436 legati
951 391 1002 426 sic
1023 401 1112 427 scra
1140 390 1206 426 sub
1231 390 1271 426 L.
1295 390 1464 426 Iavoleno
1489 390 1609 426 Prisco
1643 397 1876 436 (praenomen
1897 394 1939 429 in
1960 396 2110 439 utroque
2154 370 2158 382 ζ

413 448 576 493 exemplo
598 447 746 493 aynovit
768 446 1037 492 Zanyemeister
1059 445 1135 481 III
1157 445 1194 481 S.
1217 457 1253 491 p.
1272 446 1376 495 1966)

525 504 625 540 1999.
651 503 727 539 Scr.
751 502 902 538 honesta
924 503 1012 547 (err.
1038 505 1201 548 typoyr..·
1224 501 1386 547 honeste)
1413 501 1601 539 missione

525 560 626 596 2000.
650 559 756 594 Idem
783 558 996 594 Visulaniue
1021 558 1186 593 Crescens
1209 557 1258 593 N.
1277 558 1367 594 1394

525 617 626 652 2001.
658 616 734 651 Ser.
766 614 812 660 (8)
835 614 870 650 II
893 614 1090 658 Thracum;
1119 617 1249 659 postea
1283 625 1373 659 quas
1401 618 1490 651 tunc
1515 615 1741 661 habuissent3
1776 616 1904 652 deinde
1931 616 1971 661 Q.
1997 616 2109 653 Glitio

414 672 528 709 Atilio
552 671 725 716 Agricola

526 728 627 764 2003.
651 727 736 762 Iam
759 726 836 762 III
848 727 885 762 S.
900 737 937 771 p.
956 726 1048 762 1973
1062 742 1106 754 =
1129 725 1235 762 VIII
1248 727 1286 762 S.
1303 727 1425 772 20978,
1451 727 1658 774 recoqnovit
1681 727 1831 773 annat‚
1854 727 1953 764 unde
1973 728 2110 774 corrige

411 786 454 821 in
481 783 690 821 nominibus
718 783 865 818 alarum
901 783 948 826 (1)
973 782 991 817 I
1015 783 1184 826 Augusta
1213 782 1396 819 Nerviana
1425 783 1557 828 fidelis,
1595 784 1637 819 in
1668 783 1877 820 nominibus
1909 782 2110 820 cohortium
2167 779 2170 786 ‘

414 844 462 885 (1)
484 841 502 877 1
526 841 696 885 Augusta
718 838 900 874 Nerviana
923 838 1045 881 velox,
1083 839 1132 882 (7)
1157 838 1191 874 11
1215 839 1441 884 Brittonum‚
1478 841 1519 876 in
1544 839 1752 876 nominibus
1781 841 1928 877 testium
1955 839 1998 876 Τ.
2022 840 2111 877 Villi

413 897 627 933 Heraclidae
653 915 693 921 —
723 895 761 930 O.
785 894 966 939 Pomptini
990 894 1094 938 Hylli

526 953 626 988 2005.
653 951 738 986 Iam
762 951 839 986 III
858 951 896 986 S.
914 962 955 995 p.
977 951 1071 987 1985

525 1009 626 1045 2006.
650 1007 736 1043 Iam
748 1007 824 1042 III
834 1007 871 1043 S.
885 1019 919 1052 p.
935 1007 1033 1043 1989.
1046 1007 1140 1044 2328
1148 1008 1192 1035 64.
1217 1007 1359 1044 Nomen
1371 1009 1528 1045 alteriue
1539 1009 1695 1045 consulis
1710 1020 1778 1045 scr.
1794 1010 1834 1054 Q.
1848 1008 1888 1052 [I
1889 1008 1987 1052 lallio
1998 1009 2109 1046 Basso

525 1065 627 1100 2007.
652 1064 728 1099 Ser.
753 1064 792 1099 P.
811 1063 915 1099 Catio
941 1063 1071 1099 Sabino
1087 1064 1121 1099 H
1146 1063 1237 1109 (non
1261 1065 1323 1109 et),
1347 1065 1387 1101 P.
1407 1064 1571 1101 Cornelio
1597 1065 1769 1101 Anullino
1793 1076 1863 1102 cos.

524 1121 626 1157 2013.
649 1120 735 1156 Iasm
756 1120 879 1165 confer
897 1119 995 1156 CIL.
1014 1119 1072 1156 VI
1083 1120 1207 1156 30718.
1232 1121 1273 1158 V.
1291 1122 1317 1157 6
1329 1123 1384 1157 est
1398 1120 1543 1166 piarum
1559 1121 1795 1157 vindicarum.
1823 1122 1938 1159 Guim
1948 1122 2112 1168 Auqueti

413 1187 544 1213 nomen
560 1176 727 1221 perierit,
750 1177 941 1213 incertum.
968 1196 1008 1202 —-
1034 1176 1076 1213 V.
1093 1176 1119 1212 8
1139 1176 1274 1212 Valerii
1299 1203 1307 1212 .
1326 1203 1334 1212 .
1378 1180 1450 1213 ‚et
1473 1177 1689 1214 Dalmateus

524 1233 624 1270 2016.
657 1233 715 1269 VI
733 1233 850 1269 32716
860 1233 876 1256 ¹>

524 1290 625 1327 2034.
649 1289 823 1326 Fortaese
851 1300 925 1326 non
953 1289 1074 1334 Antio,
1111 1289 1175 1325 sed
1204 1289 1399 1326 Antiochia
1430 1289 1611 1326 oriundus
1640 1291 1859 1338 Vedennius,
1892 1293 1937 1328 ut
1964 1291 2115 1327 coniecit
2141 1302 2145 1305 ·
2168 1284 2170 1287 ’

412 1346 618 1383 Mommsen
642 1348 797 1384 Staatsr.
821 1346 898 1382 III
916 1357 951 1392 p.
978 1347 1055 1389 165,
1072 1346 1099 1382 2
1122 1346 1285 1391 quodque
1307 1347 1458 1382 admitti
1473 1357 1583 1392 posse
1605 1348 1663 1384 ait
1683 1347 1847 1384 Hueleen
1869 1347 1995 1384 Boem-
2010 1346 2114 1383 Mitt.

414 1404 507 1440 1905
521 1415 563 1449 p.
578 1404 647 1440 176
667 1403 821 1448 (scilicet
843 1404 962 1450 spatio
988 1402 1172 1447 deficiente
1195 1402 1373 1447 scriptum
1396 1404 1545 1448 Antio.).
1583 1403 1634 1439 In
1659 1404 1770 1441 latere
1791 1402 1943 1442 sinistro
1965 1405 2019 1441 eet
2042 1405 2111 1440 tor·
2168 1395 2170 1427 s

412 1463 577 1497 mentum
602 1460 778 1505 bellicum,
803 1471 847 1495 ex
869 1470 996 1505 yenere
1019 1462 1063 1495 ut
1085 1459 1228 1495 videtur
1251 1471 1376 1495 eorum
1399 1471 1489 1505 quae
1513 1462 1724 1498 παλίντονα
1748 1461 2040 1507 appelhzbantur,
2063 1459 2113 1503 cf.
2166 1479 2170 1512 ξ

413 1517 459 1553 R.
478 1516 672 1552 Schneider
693 1517 818 1553 Roem.
840 1516 943 1552 Mitt.
969 1516 991 1552 l.
1007 1528 1036 1551 c.
1053 1528 1095 1561 p.
1119 1516 1186 1552 177
1200 1527 1268 1560 seq.
1293 1519 1329 1552 et
1351 1516 1482 1552 Jahrb.
1506 1518 1571 1554 der
1599 1517 1787 1555 Gesellsch.
1809 1518 1839 1564 f.
1865 1517 1971 1555 lothr.
1992 1517 2113 1554 Alter·
2164 1532 2170 1560 g

415 1573 631 1609 tumskunde
655 1574 708 1619 17,
735 1573 828 1610 1905
841 1585 883 1618 p.
900 1573 973 1610 393
993 1574 1094 1618 (cum
1117 1572 1297 1618 imayine)

524 1630 625 1666 2038.
647 1629 759 1666 VIII
779 1629 815 1665 S.
832 1629 945 1666 21021
1149 1629 1251 1664 2044.
1277 1630 1335 1666 VI
1352 1631 1446 1665 auct.
1469 1630 1588 1666 37213

526 1686 628 1722 2047.
654 1686 729 1722 Scr.
754 1686 892 1721 Asdula
915 1689 951 1722 et
967 1688 1098 1731 postea
1121 1685 1322 1721 benmeren.

527 1742 629 1778 2073.
654 1741 720 1776 ΧΙ
739 1742 833 1778 6343

526 1798 628 1834 2081.
653 1797 719 1832 XI
737 1798 831 1834 5646
851 1796 945 1832 vidit
966 1796 1171 1840 Bormann,
1197 1798 1294 1833 unde
1317 1808 1385 1832 scr.
1410 1809 1440 1833 v.
1457 1799 1477 1833 1
1502 1798 1581 1834 Cor.

526 1854 627 1890 2095.
666 1853 718 1890 VI
736 1854 855 1890 30685
1055 1853 1156 1889 2102.
1193 1853 1246 1890 VI
1265 1853 1381 1890 32519

526 1911 615 1947 2117
633 1912 726 1955 (not.
741 1910 792 1956 5).
838 1911 890 1945 In
914 1909 1035 1956 lapide
1059 1921 1132 1946 esse
1155 1911 1195 1946 id
1217 1911 1313 1955 quod
1335 1910 1542 1955 requiritur
1565 1910 1690 1947 Valeri
1712 1912 1864 1948 Asiatici
1886 1912 1999 1957 praef.
2023 1912 2116 1959 (non

414 1968 542 2012 praet.)
566 1967 788 2003 rettulerunt
810 1978 843 2002 a.
862 1966 962 2011 1893,
987 1965 1235 2002 Beneventum
1251 1966 1425 2012 profecti,
1452 1966 1559 2003 Hula
1582 1969 1618 2003 et
1637 1967 1776 2013 Preyer
1796 1969 2115 2014 confirmaverunt·

417 2034 485 2068 que
508 2025 631 2069 ectypo
656 2023 706 2059 ad
728 2023 959 2058 Huelsenum
982 2023 1091 2058 misso

527 2079 627 2115 2119.
651 2079 752 2114 2124.
776 2079 877 2115 2125.
901 2079 1004 2115 2126.
1029 2078 1144 2114 ΧΙΙΙ
1164 2078 1263 2115 1853.
1289 2079 1389 2116 1865.
1421 2080 1521 2116 1852.
1547 2079 1641 2116 1833
1665 2079 1758 2117 m‘dit
1778 2080 1993 2127 Hirschfeld

528 2135 628 2172 2130.
655 2135 764 2171 ΧΙΙΙ
789 2135 882 2171 1499
1083 2135 1183 2171 2134.
1208 2135 1309 2172 2135.
1334 2136 1397 2173 VI
1415 2136 1541 2173 32747.
1563 2136 1681 2173 32745

529 2191 630 2227 2151.
655 2191 732 2227 III
751 2192 787 2227 S.
807 2191 921 2228 12109
1121 2191 1222 2228 2165.
1249 2192 1310 2228 VI
1327 2192 1443 2229 32754

530 2248 631 2284 2167.
663 2248 715 2284 VI
738 2248 871 2293 32755;
898 2248 940 2283 in
966 2247 1086 2293 lapide
1108 2250 1163 2283 est
1184 2248 1372 2285 Dannuvii

530 2304 631 2340 2180.
655 2304 716 2342 VI
734 2304 868 2348 31138,·
892 2315 937 2340 ex
961 2314 1108 2339 numero
1135 2304 1211 2340 eod.
1237 2304 1331 2340 hom.
1349 2305 1386 2350 G,
1414 2305 1509 2350 quod
1531 2308 1586 2341 est
1606 2307 1647 2342 in
1671 2306 1803 2351 lapide,
1826 2306 2049 2352 significare:
2070 2318 2116 2342 ex
2159 2333 2163 2362 3

418 2371 569 2397 numero
593 2361 715 2397 eodem
738 2360 899 2396 homines
922 2362 1077 2404 centum,
1101 2360 1192 2396 vidit
1216 2361 1381 2396 Huelsen
1418 2396 1427 2406 ‚

531 2417 631 2452 2181.
657 2418 711 2454 VI
730 2417 845 2453 31140
1047 2417 1148 2453 2182.
1174 2418 1235 2455 VI
1258 2418 1373 2453 31147

531 2473 633 2510 2183.
650 2473 710 2510 VI
720 2474 852 2517 31152;
876 2473 917 2508 in
926 2474 1081 2518 pulvino
1096 2473 1222 2509 lateris
1235 2474 1356 2510 deoetri
1367 2475 1546 2519 scriptum
1558 2477 1612 2510 est
1622 2475 1796 2512 curantib.
1807 2475 1928 2512 Neone
1939 2479 1976 2511 et
1987 2475 2116 2512 Sabino

532 2530 631 2565 2188.
657 2530 745 2565 Iam
772 2529 808 2565 Ο.
834 2530 895 2567 VI
915 2530 1039 2566 31162.
1089 2530 1255 2566 Contulit
1283 2530 1459 2566 Huelsen.
1507 2531 1624 2567 Initio
1655 2533 1716 2578 est,
1748 2534 1792 2568 ut
1820 2543 1895 2568 esec
1923 2532 2024 2568 debet
2050 2531 2115 2577 (cf.

418 2585 466 2621 N.
484 2586 576 2622 4628
585 2590 668 2630 seq.)
692 2585 840 2621 Herculi
864 2585 1064 2630 Magusano
1089 2586 1228 2631 (potius
1253 2597 1364 2631 quam
1387 2587 1593 2632 Maousano)

531 2642 632 2678 2189.
657 2643 743 2678 Iam
768 2642 804 2677 Ο.
829 2642 891 2679 VI
909 2642 1033 2678 31164.
1084 2641 1250 2678 Contulit
1271 2643 1456 2679 Muenzer.
1503 2643 1554 2679 In
1586 2644 1695 2680 latere
1726 2655 1857 2680 nomen
1885 2644 2117 2680 undecimum

420 2698 563 2734 videtur
587 2698 776 2744 legendum
799 2708 872 2733 esse
898 2698 1019 2734 Aurel.
1044 2698 1213 2734 Mestrius
1237 2700 1323 2743 (non
1347 2699 1529 2744 Mesibius)

532 2754 633 2790 2190.
657 2755 719 2792 VI
736 2754 853 2791 31165
986 2754 1087 2790 2191.
1112 2755 1173 2792 VI
1191 2755 1307 2792 30937
1443 2756 1544 2792 2192.
1573 2756 1634 2794 VI
1652 2756 1769 2793 31156

532 2810 633 2847 2193.
658 2811 717 2848 VI
737 2810 852 2846 31187
988 2810 1079 2847 2193
1091 2819 1121 2846 a,
1145 2812 1206 2848 VI
1224 2812 1342 2847 31172
1478 2813 1580 2848 2198.
1605 2813 1667 2850 VI
1683 2812 1801 2849 32806

532 2866 633 2903 2207.
657 2866 721 2902 Ex
743 2867 817 2902 alio
841 2867 1049 2912 apoyrapho
1074 2869 1126 2902 eet
1155 2866 1212 2903 VI
1222 2868 1347 2911 32783,
1371 2868 1469 2904 unde
1492 2869 1704 2904 addendum
1726 2868 1834 2904 initio
1857 2869 1955 2905 inter
1977 2869 2118 2905 litterae

420 2923 454 2958 d.
479 2934 524 2958 m.
553 2923 669 2968 fuisse
691 2924 900 2959 vocabulum
929 2927 1083 2968 curator,
1115 2925 1149 2958 et
1163 2927 1294 2968 postea
1308 2919 1397 2960 svere
1421 2924 1538 2969 fuisse
1560 2926 1602 2960 in
1627 2924 1747 2970 lapide
1775 2929 1814 2960 at
1837 2925 1978 2970 legione
2001 2925 2121 2970 prima'
2164 2926 2167 2927 ⁷

422 2979 481 3015 Μ’
507 2984 634 3071 aggia
666 3034 723 3071 VI
742 3035 859 3071 31158
879 3035 974 3071 vidit
996 3035 1170 3079 Manzer;
1196 3036 1237 3070 in
1260 3036 1333 3080 fine
1355 3048 1422 3075 ser,
1447 3039 1532 3072 voto
1557 3040 1737 3082 succepto.

532 3091 633 3127 2228.
658 3091 767 3127 Alius
783 3091 865 3127 trib.
882 3091 989 3127 milit.
1006 3091 1159 3136 legionis
1176 3092 1360 3128 Gemellae
1383 3092 1425 3128 in
1443 3094 1466 3128 t.
1482 3092 1628 3128 Falisco
1651 3092 1793 3129 Notizie
1807 3094 1903 3140 dcyli
1915 3093 2012 3130 &cavi
2028 3094 2120 3130 1885

420 3159 457 3192 p.
470 3147 542 3184 225
553 3165 599 3177 =
615 3148 679 3183 XI
692 3148 791 3184 7495.
810 3168 851 3173 —
881 3148 1024 3184 Titulus
1040 3149 1081 3183 in
1096 3148 1333 3184 adnotatione
1349 3149 1482 3185 citatus
1500 3148 1599 3194 Eph.
1616 3160 1669 3194 ep.
1686 3150 1718 3192 4,
1734 3150 1806 3186 942
1825 3149 1902 3186 iam
1925 3149 1986 3188 VI
2003 3149 2121 3186 32935
