2170 3458
1045 955 1233 1001 OAPVT
1264 955 1321 998 11.

596 1061 833 1114 TITVLI
868 1056 1366 1111 IMPERATORVM
1401 1053 1774 1116 DOMVSQVE

925 1134 1442 1188 IMPERATORIAE

729 1237 918 1283 (addenda
940 1237 990 1273 ad
1011 1236 1080 1274 vol.
1096 1236 1125 1273 Ι
1143 1247 1178 1283 p.
1194 1236 1370 1273 22—187
1388 1245 1424 1271 n.
1446 1234 1648 1278 70—838).

456 1328 568 1373 8893
615 1329 713 1385 imp.
744 1327 912 1374 Caesari
942 1327 1030 1372 divi
1057 1327 1100 1381 f.‚
1136 1327 1142 1382 Ι
1179 1325 1324 1371 Sicilia
1352 1329 1538 1383 recepta,
1577 1325 1623 1370 O.
1653 1322 1814 1383 Papius
1843 1323 2004 1381 Celsae,
2026 1326 2035 1378 Ι

349 1398 401 1440 Μ.
431 1396 589 1454 Papius
620 1397 768 1441 Kanus
796 1396 954 1439 fratres.

458 1464 577 1508 Prope
599 1463 791 1499 Naronam
815 1461 1026 1500 Dalmatiae
1055 1473 1128 1506 rep.
1162 1460 1250 1507 (III
1269 1461 1395 1495 14625
1420 1458 1523 1495 misit
1543 1457 1704 1503 Patsch).
1745 1455 1910 1497 ‘malm
1936 1457 2039 1497 houd

348 1519 453 1555 dubie
476 1531 510 1555 a.
531 1521 599 1554 718
621 1521 767 1555 exeunte
790 1518 922 1555 devicto
945 1517 1117 1564 Pompeio
1133 1516 1296 1563 positus’
1320 1515 1542 1562 Hirschfeld.

460 1654 573 1699 8894
618 1654 682 1712 [0.
702 1655 919 1711 Marcius]
950 1655 997 1698 L.
1018 1655 1048 1698 f.
1078 1653 1363 1711 Censo[rinus
1387 1652 1394 1710 Ι
1420 1652 1590 1709 au9qu‚
1624 1650 1732 1710 [coa¹
1765 1651 1772 1709 Ι
1798 1649 1940 1710 lu]dos
1968 1664 2039 1696 vo·
2087 1651 2101 1660 “
2166 1650 2170 1659 ’

349 1723 457 1767 tivos
486 1737 561 1779 pro
593 1722 753 1779 [reditu
785 1722 790 1778 Ι
824 1723 926 1778 imp.
963 1721 1170 1778 Ca]esaris
1205 1720 1293 1765 divi
1322 1722 1350 1765 f.
1381 1720 1591 1776 Aug[usti
1612 1718 1750 1776 pont]
1777 1720 1784 1775 Ι
1817 1717 1993 1764 maximi
2028 1717 2037 1776 Ι

352 1790 463 1843 [Iovi
491 1790 664 1845 opti]m0
686 1790 870 1834 maximo
891 1789 1009 1847 [fecit
1033 1790 1040 1845 Ι
1066 1803 1162 1833 cum
1189 1788 1232 1833 0.
1252 1787 1420 1842 Asi]nio
1443 1789 1584 1833 Gallo²
1609 1784 1812 1845 [conleqa]
1839 1786 1848 1842 Ι
1871 1800 1924 1831 ex
1950 1799 1983 1830 s.
2003 1799 2039 1830 c.

461 1867 610 1909 Romae,
640 1868 816 1904 incertum
843 1878 911 1913 quo
936 1868 1008 1904 loco
1039 1867 1142 1904 urbis
1168 1878 1243 1912 rep.
1267 1867 1286 1910 (
1297 1866 1452 1912 Vaqlieri
1475 1866 1559 1903 buu.
1583 1865 1770 1902 comumle
1790 1864 1893 1902 1903
1910 1874 1947 1910 p.
1970 1865 2045 1901 251

352 1924 414 1970 qui
435 1924 642 1970 supplevit).
668 1944 712 1949 —
735 1927 769 1967 1)
793 1924 838 1960 A.
858 1925 938 1960 746.
989 1923 1131 1960 Raetus
1154 1923 1344 1959 addendus
1364 1922 1546 1959 similibus
1576 1921 1692 1959 titulis
1715 1931 1898 1958 armorum
1923 1921 1989 1957 741
2011 1922 2050 1956 et

352 1981 427 2072 1757
444 1991 559 2025 supra
582 1980 629 2016 N.
649 1981 709 2015 88.
729 1981 786 2015 95.
822 2000 867 2006 —-
901 1983 934 2023 2)
957 1980 1099 2016 Nomen
1123 1980 1224 2017 Galli
1247 1990 1391 2015 erasum
1413 1981 1449 2014 et
1462 1980 1591 2024 postea
1614 1978 1820 2015 restitum*
1843 1977 1908 2023 (of.
1930 1986 2046 2023 upra

424 2037 552 2080 5923).

1975 2114 2044 2124 „-

466 2171 577 2215 8895
626 2172 725 2228 imp.
757 2171 927 2217 Caesari
964 2171 1052 2214 divi
1081 2172 1109 2215 f.
1139 2174 1247 2228 Aug.
1289 2177 1294 2226 Ι
1334 2177 1445 2228 pont.
1476 2186 1598 2228 max„
1632 2170 1723 2214 trib.
1752 2175 1835 2228 pot.
1862 2170 1996 2228 XXI¹
2039 2170 2046 2224 Ι

356 2253 533 2294 sacrum,
559 2239 565 2294 Ι
593 2238 982 2295 Bracaraugustani.
1009 2239 1015 2295 Ι
1043 2239 1180 2283 Paulli
1199 2239 1306 2284 Fabi
1327 2237 1525 2283 Maxsimi
1553 2239 1633 2294 leg.
1653 2251 1729 2295 pro
1750 2237 1830 2295 pr.²
1859 2237 1866 2292 Ι
1889 2236 2049 2282 natali³

357 2307 547 2351 dedicata
576 2312 646 2349 est.

467 2374 652 2408 Braearae
675 2372 788 2417 (Eph.
806 2384 859 2418 ep.
878 2374 902 2407 8
922 2383 956 2418 p.
976 2374 1102 2408 50422.
1120 2374 1229 2418 280)
1255 2393 1299 2398 —
1325 2375 1357 2415 1)
1379 2373 1423 2408 A.
1446 2373 1566 2413 75112.
1583 2391 1627 2397 -
1651 2373 1685 2414 2)
1707 2371 1766 2407 De
1779 2369 1913 2407 Paullo
1927 2369 2050 2414 Fabio

358 2429 523 2465 Maximo
558 2430 603 2474 cf.
627 2440 740 2474 supra
763 2429 810 2464 N.
837 2430 917 2464 919.
945 2430 1049 2464 8811.
1103 2429 1152 2464 Ut
1182 2430 1318 2475 legatus
1343 2429 1509 2465 Caesaris
1538 2428 1579 2465 in
1602 2427 1791 2474 Hispania
1826 2428 2052 2463 memoratur

357 2485 467 2521 ctiam
490 2485 543 2520 II
561 2487 669 2520 2581.
700 2505 744 2510 —-
780 2488 812 2526 3)
836 2484 966 2520 Natali
989 2485 1107 2530 ipsius
1129 2485 1243 2521 Fabii
1265 2485 1436 2522 Maximi.
1482 2485 1687 2520 Potuerunt
1713 2482 1893 2530 oppidani
1920 2482 2050 2520 honori

360 2541 466 2587 legati
488 2541 528 2576 id
552 2541 648 2583 dare,
681 2543 723 2576 ut
745 2541 794 2576 ad
816 2543 977 2577 statuam
1000 2542 1156 2587 Auyusti
1179 2542 1417 2578 dedicandam
1440 2541 1540 2577 illius
1562 2541 1724 2576 natalem
1748 2540 1924 2586 eligerent.

471 2675 584 2720 8896
613 2676 780 2720 Caesari
808 2678 1000 2731 August6
1322 2677 1472 2722 Liviae
1500 2676 1740 2733 Augustae²

362 2745 584 2799 Atespatus
614 2743 729 2788 Crixi
758 2743 817 2785 fil.
847 2758 885 2786 v.
915 2757 946 2786 s.
978 2745 1004 2788 l.
1036 2759 1089 2787 m.
1239 2745 1462 2799 Atespatus
1494 2743 1609 2789 Crixi
1637 2743 1697 2787 fil.
1726 2759 1763 2788 v.
1795 2758 1827 2788 s.
1856 2745 1882 2788 1.
1911 2759 1967 2787 m.

473 2821 591 2866 Prope
613 2820 788 2863 Moutz'ns,
813 2821 862 2856 ad
886 2821 1000 2856 locum
1024 2822 1158 2857 dictum
1181 2821 1488 2868 Neuilly-le-Re'al
1511 2822 1570 2867 (in
1592 2821 1727 2867 finibus
1742 2813 1987 2859 Arvernorum
2009 2825 2055 2859 ut

363 2876 503 2912 videtur
525 2879 561 2912 et
581 2876 812 2922 Bituriyum)
835 2888 918 2922 rep„
944 2877 1066 2922 capita
1090 2878 1160 2914 duo
1185 2889 1306 2920 aenea,
1331 2878 1448 2923 operis
1473 2878 1557 2914 boni
1579 2878 1642 2914 sed
1660 2879 1890 2924 aliquantum
1912 2879 2040 2916 rustici

362 2943 458 2967 nunc
479 2932 638 2967 Parisiis
653 2928 794 2977 (XIII
806 2934 906 2967 1366
925 2933 1020 2968 vidit
1040 2933 1269 2978 Hirschfeld
1267 2945 1274 2951 ·
1297 2934 1474 2980 imayines
1490 2934 1676 2970 Froehner
1690 2934 1836 2971 Muse'es
1851 2935 1895 2970 de
1909 2934 2055 2971 France

364 2988 436 3024 tab.
460 2987 596 3032 LII).
632 3009 672 3014 -
713 2992 743 3030 1)
768 2989 903 3024 Contra
932 3000 1071 3024 omnem
1094 2990 1383 3025 consuetudinem
1406 2990 1516 3026 Livia
1539 2990 1618 3026 vivo
1642 2990 1775 3026 marito
1801 2993 1965 3037 Augusta
1987 3002 2052 3037 ap-

360 3046 508 3090 pellata,
534 3044 628 3089 quod
643 3055 773 3079 nomen
792 3047 1039 3089 postmortem
1060 3045 1187 3081 mariti
1203 3046 1355 3091 demum,
1379 3056 1459 3082 cum
1476 3046 1587 3082 Livia
1603 3047 1673 3082 dici
1689 3046 1845 3091 desisset,
1868 3047 2053 3092 appellata

366 3101 439 3136 iam
461 3100 575 3144 Iulia,
599 3101 631 3135 ei
655 3099 830 3135 tributum
853 3102 915 3135 est.
