<?xml version="1.0" encoding="UTF-8"?>
<!DOCTYPE html PUBLIC "-//W3C//DTD XHTML 1.0 Transitional//EN"
    "http://www.w3.org/TR/xhtml1/DTD/xhtml1-transitional.dtd">
<html xmlns="http://www.w3.org/1999/xhtml" xml:lang="en" lang="en">
 <head>
  <title>
</title>
<meta http-equiv="Content-Type" content="text/html;charset=utf-8" />
  <meta name='ocr-system' content='tesseract 3.04.00' />
  <meta name='ocr-capabilities' content='ocr_page ocr_carea ocr_par ocr_line ocrx_word'/>
</head>
<body>
  <div class='ocr_page' id='page_1' title='image "./inscriptioneslat03dessuoft_1107.png"; bbox 0 0 2170 3458; ppageno 0'>
   <div class='ocr_carea' id='block_1_1' title="bbox 320 206 1872 254">
    <p class='ocr_par' dir='ltr' id='par_1_1' title="bbox 320 206 1872 254">
     <span class='ocr_line' id='line_1_1' title="bbox 320 206 1872 254; baseline 0.003 -12"><span class='ocrx_word' id='word_1_1' title='bbox 320 206 435 243; x_wconf 90' lang='lat' dir='ltr'>XVII.</span> <span class='ocrx_word' id='word_1_2' title='bbox 459 207 647 243; x_wconf 86' lang='lat' dir='ltr'><strong>Notabilia</strong></span> <span class='ocrx_word' id='word_1_3' title='bbox 663 208 777 244; x_wconf 85' lang='lat' dir='ltr'><strong>varia.</strong></span> <span class='ocrx_word' id='word_1_4' title='bbox 801 229 844 235; x_wconf 94' lang='lat'><strong>—</strong></span> <span class='ocrx_word' id='word_1_5' title='bbox 870 209 1050 246; x_wconf 83' lang='lat' dir='ltr'><strong>Convivia</strong></span> <span class='ocrx_word' id='word_1_6' title='bbox 1066 209 1222 254; x_wconf 85' lang='lat' dir='ltr'><strong>publica.</strong></span> <span class='ocrx_word' id='word_1_7' title='bbox 1250 208 1457 245; x_wconf 86' lang='lat' dir='ltr'><strong>Divisiones</strong></span> <span class='ocrx_word' id='word_1_8' title='bbox 1473 219 1712 244; x_wconf 85' lang='lat' dir='ltr'><strong>nummorum.</strong></span> <span class='ocrx_word' id='word_1_9' title='bbox 1790 209 1841 247; x_wconf 83' lang='lat'>91</span> <span class='ocrx_word' id='word_1_10' title='bbox 1855 211 1872 246; x_wconf 93' lang='lat'>1</span> 
     </span>
    </p>
   </div>
   <div class='ocr_carea' id='block_1_2' title="bbox 155 319 1876 1550">
    <p class='ocr_par' dir='ltr' id='par_1_2' title="bbox 225 319 1874 639">
     <span class='ocr_line' id='line_1_2' title="bbox 229 319 1874 367; baseline 0.001 -12"><span class='ocrx_word' id='word_1_11' title='bbox 229 321 317 364; x_wconf 74' lang='lat'><strong>2723</strong></span> <span class='ocrx_word' id='word_1_12' title='bbox 349 319 468 356; x_wconf 76' lang='lat' dir='ltr'><strong>natali</strong></span> <span class='ocrx_word' id='word_1_13' title='bbox 491 320 550 356; x_wconf 86' lang='lat' dir='ltr'><strong>dei</strong></span> <span class='ocrx_word' id='word_1_14' title='bbox 573 321 681 357; x_wconf 86' lang='lat' dir='ltr'><strong>Herc.</strong></span> <span class='ocrx_word' id='word_1_15' title='bbox 706 321 799 358; x_wconf 87' lang='lat' dir='ltr'><strong>Geni</strong></span> <span class='ocrx_word' id='word_1_16' title='bbox 822 323 964 367; x_wconf 79' lang='lat' dir='ltr'>patriae</span> <span class='ocrx_word' id='word_1_17' title='bbox 989 325 1088 367; x_wconf 84' lang='lat'><strong>6835,</strong></span> <span class='ocrx_word' id='word_1_18' title='bbox 1125 322 1251 358; x_wconf 85' lang='lat' dir='ltr'><strong>natali</strong></span> <span class='ocrx_word' id='word_1_19' title='bbox 1271 321 1508 367; x_wconf 80' lang='lat' dir='ltr'><strong>imperatoris</strong></span> <span class='ocrx_word' id='word_1_20' title='bbox 1531 322 1634 366; x_wconf 88' lang='grc'><strong>7196)</strong></span> <span class='ocrx_word' id='word_1_21' title='bbox 1664 322 1798 359; x_wconf 79' lang='lat' dir='ltr'><strong>civibus</strong></span> <span class='ocrx_word' id='word_1_22' title='bbox 1821 323 1874 358; x_wconf 86' lang='lat' dir='ltr'><strong>vel</strong></span> 
     </span>
     <span class='ocr_line' id='line_1_3' title="bbox 229 375 1872 423; baseline 0.001 -11"><span class='ocrx_word' id='word_1_23' title='bbox 229 375 484 412; x_wconf 75' lang='lat' dir='ltr'><strong>deam-ionibus</strong></span> <span class='ocrx_word' id='word_1_24' title='bbox 511 378 567 412; x_wconf 81' lang='lat' dir='ltr'><strong>vel</strong></span> <span class='ocrx_word' id='word_1_25' title='bbox 595 377 682 413; x_wconf 83' lang='lat' dir='ltr'><strong>aliis</strong></span> <span class='ocrx_word' id='word_1_26' title='bbox 705 378 923 423; x_wconf 75' lang='lat' dir='ltr'><strong>quibusdam</strong></span> <span class='ocrx_word' id='word_1_27' title='bbox 954 378 1148 415; x_wconf 70' lang='lat' dir='ltr'><strong><em>ordinibus</em></strong></span> <span class='ocrx_word' id='word_1_28' title='bbox 1177 378 1337 415; x_wconf 81' lang='lat' dir='ltr'><strong>civitatis</strong></span> <span class='ocrx_word' id='word_1_29' title='bbox 1366 378 1424 414; x_wconf 85' lang='lat' dir='ltr'><strong>vel</strong></span> <span class='ocrx_word' id='word_1_30' title='bbox 1451 377 1566 414; x_wconf 79' lang='lat' dir='ltr'><strong>etiwm</strong></span> <span class='ocrx_word' id='word_1_31' title='bbox 1593 377 1736 423; x_wconf 73' lang='lat' dir='ltr'><strong>colleyis</strong></span> <span class='ocrx_word' id='word_1_32' title='bbox 1761 379 1872 414; x_wconf 89' lang='lat' dir='ltr'><strong>dona-</strong></span> 
     </span>
     <span class='ocr_line' id='line_1_4' title="bbox 229 431 1872 472; baseline 0.001 -4"><span class='ocrx_word' id='word_1_33' title='bbox 229 431 320 468; x_wconf 68' lang='lat' dir='ltr'><strong>toris</strong></span> <span class='ocrx_word' id='word_1_34' title='bbox 342 432 491 469; x_wconf 56' lang='lat' dir='ltr'><strong>’sumam&#39;</strong></span> <span class='ocrx_word' id='word_1_35' title='bbox 513 433 823 471; x_wconf 75' lang='lat' dir='ltr'><strong>distribuerentur</strong></span> <span class='ocrx_word' id='word_1_36' title='bbox 857 438 934 472; x_wconf 90' lang='grc'><strong>272.</strong></span> <span class='ocrx_word' id='word_1_37' title='bbox 972 438 1072 472; x_wconf 88' lang='grc'><strong>6148.</strong></span> <span class='ocrx_word' id='word_1_38' title='bbox 1106 439 1206 472; x_wconf 87' lang='grc'><strong>6164.</strong></span> <span class='ocrx_word' id='word_1_39' title='bbox 1242 438 1342 471; x_wconf 86' lang='grc'><strong>6287.</strong></span> <span class='ocrx_word' id='word_1_40' title='bbox 1374 437 1476 471; x_wconf 84' lang='grc'><strong>6468.</strong></span> <span class='ocrx_word' id='word_1_41' title='bbox 1507 437 1609 470; x_wconf 80' lang='grc'><strong>6472.</strong></span> <span class='ocrx_word' id='word_1_42' title='bbox 1640 437 1741 471; x_wconf 87' lang='grc'><strong>6530.</strong></span> <span class='ocrx_word' id='word_1_43' title='bbox 1771 437 1872 470; x_wconf 90' lang='grc'><strong>6638.</strong></span> 
     </span>
     <span class='ocr_line' id='line_1_5' title="bbox 228 487 1872 538; baseline 0.002 -14"><span class='ocrx_word' id='word_1_44' title='bbox 228 487 331 525; x_wconf 69' lang='grc'><strong>6835.</strong></span> <span class='ocrx_word' id='word_1_45' title='bbox 353 491 455 525; x_wconf 86' lang='grc'><strong>7259.</strong></span> <span class='ocrx_word' id='word_1_46' title='bbox 480 492 583 527; x_wconf 87' lang='grc'><strong>7266.</strong></span> <span class='ocrx_word' id='word_1_47' title='bbox 608 493 714 536; x_wconf 85' lang='grc' dir='ltr'><strong>942ος</strong></span> <span class='ocrx_word' id='word_1_48' title='bbox 748 492 998 538; x_wconf 73' lang='lat' dir='ltr'><strong>constitutum,</strong></span> <span class='ocrx_word' id='word_1_49' title='bbox 1029 495 1074 529; x_wconf 85' lang='lat' dir='ltr'><strong>ut</strong></span> <span class='ocrx_word' id='word_1_50' title='bbox 1095 504 1139 529; x_wconf 90' lang='lat' dir='ltr'><strong>ea</strong></span> <span class='ocrx_word' id='word_1_51' title='bbox 1160 492 1321 538; x_wconf 72' lang='lat' dir='ltr'><strong>pecunia</strong></span> <span class='ocrx_word' id='word_1_52' title='bbox 1349 491 1424 528; x_wconf 89' lang='lat' dir='ltr'><strong>alio</strong></span> <span class='ocrx_word' id='word_1_53' title='bbox 1449 491 1723 536; x_wconf 71' lang='lat' dir='ltr'><strong><em>transferretur,</em></strong></span> <span class='ocrx_word' id='word_1_54' title='bbox 1754 491 1787 527; x_wconf 79' lang='lat' dir='ltr'><strong>si</strong></span> <span class='ocrx_word' id='word_1_55' title='bbox 1816 503 1872 527; x_wconf 90' lang='lat' dir='ltr'><strong>vo-</strong></span> 
     </span>
     <span class='ocr_line' id='line_1_6' title="bbox 229 545 1874 595; baseline 0.002 -14"><span class='ocrx_word' id='word_1_56' title='bbox 229 545 370 582; x_wconf 79' lang='lat' dir='ltr'><strong>luntati</strong></span> <span class='ocrx_word' id='word_1_57' title='bbox 390 546 580 583; x_wconf 75' lang='lat' dir='ltr'><strong>donatoris</strong></span> <span class='ocrx_word' id='word_1_58' title='bbox 601 558 678 584; x_wconf 89' lang='lat' dir='ltr'><strong>non</strong></span> <span class='ocrx_word' id='word_1_59' title='bbox 699 550 793 584; x_wconf 80' lang='lat' dir='ltr'><strong>esset</strong></span> <span class='ocrx_word' id='word_1_60' title='bbox 813 548 1102 595; x_wconf 71' lang='lat' dir='ltr'><strong><em>obtemperatum</em></strong></span> <span class='ocrx_word' id='word_1_61' title='bbox 1126 552 1204 585; x_wconf 93' lang='grc'><strong>272.</strong></span> <span class='ocrx_word' id='word_1_62' title='bbox 1222 551 1322 585; x_wconf 86' lang='grc'><strong>6164.</strong></span> <span class='ocrx_word' id='word_1_63' title='bbox 1340 551 1440 585; x_wconf 94' lang='grc'><strong>6530.</strong></span> <span class='ocrx_word' id='word_1_64' title='bbox 1459 551 1559 593; x_wconf 90' lang='grc'><strong>7259,</strong></span> <span class='ocrx_word' id='word_1_65' title='bbox 1589 549 1698 594; x_wconf 71' lang='lat' dir='ltr'><strong>fiscus</strong></span> <span class='ocrx_word' id='word_1_66' title='bbox 1721 548 1874 593; x_wconf 81' lang='lat' dir='ltr'><strong>denique</strong></span> 
     </span>
     <span class='ocr_line' id='line_1_7' title="bbox 225 601 561 639; baseline 0.003 -1"><span class='ocrx_word' id='word_1_67' title='bbox 225 601 448 639; x_wconf 67' lang='lat' dir='ltr'><strong>substitutus</strong></span> <span class='ocrx_word' id='word_1_68' title='bbox 470 606 561 639; x_wconf 89' lang='grc'><strong>7259</strong></span> 
     </span>
    </p>

    <p class='ocr_par' dir='ltr' id='par_1_3' title="bbox 157 658 1871 820">
     <span class='ocr_line' id='line_1_8' title="bbox 157 658 1871 706; baseline 0.001 -11"><span class='ocrx_word' id='word_1_69' title='bbox 157 659 206 696; x_wconf 77' lang='lat' dir='ltr'><strong>ad</strong></span> <span class='ocrx_word' id='word_1_70' title='bbox 228 658 449 705; x_wconf 77' lang='lat' dir='ltr'><strong>emptionem</strong></span> <span class='ocrx_word' id='word_1_71' title='bbox 472 659 724 706; x_wconf 79' lang='lat' dir='ltr'>possessionis,</span> <span class='ocrx_word' id='word_1_72' title='bbox 753 661 857 697; x_wconf 87' lang='lat' dir='ltr'><strong>cuius</strong></span> <span class='ocrx_word' id='word_1_73' title='bbox 884 661 927 697; x_wconf 86' lang='lat' dir='ltr'><strong>de</strong></span> <span class='ocrx_word' id='word_1_74' title='bbox 952 662 1073 698; x_wconf 89' lang='lat' dir='ltr'><strong>reditu</strong></span> <span class='ocrx_word' id='word_1_75' title='bbox 1102 662 1161 699; x_wconf 90' lang='lat' dir='ltr'><strong>die</strong></span> <span class='ocrx_word' id='word_1_76' title='bbox 1192 661 1327 698; x_wconf 83' lang='lat' dir='ltr'><strong>natalis</strong></span> <span class='ocrx_word' id='word_1_77' title='bbox 1356 661 1415 697; x_wconf 87' lang='lat' dir='ltr'><strong>sui</strong></span> <span class='ocrx_word' id='word_1_78' title='bbox 1438 660 1710 706; x_wconf 74' lang='lat' dir='ltr'><strong>sportularmm)</strong></span> <span class='ocrx_word' id='word_1_79' title='bbox 1740 661 1871 697; x_wconf 88' lang='lat' dir='ltr'><strong>divisio</strong></span> 
     </span>
     <span class='ocr_line' id='line_1_9' title="bbox 227 716 1871 765; baseline -0.001 -10"><span class='ocrx_word' id='word_1_80' title='bbox 227 725 370 765; x_wconf 71' lang='lat' dir='ltr'><strong>semper</strong></span> <span class='ocrx_word' id='word_1_81' title='bbox 403 716 616 760; x_wconf 81' lang='lat' dir='ltr'><strong>celebretur,</strong></span> <span class='ocrx_word' id='word_1_82' title='bbox 654 718 812 763; x_wconf 81' lang='lat' dir='ltr'><strong>pecunia</strong></span> <span class='ocrx_word' id='word_1_83' title='bbox 842 718 1140 755; x_wconf 81' lang='lat' dir='ltr'><strong>Ariminensibus</strong></span> <span class='ocrx_word' id='word_1_84' title='bbox 1175 719 1314 755; x_wconf 87' lang='lat' dir='ltr'><strong>donata</strong></span> <span class='ocrx_word' id='word_1_85' title='bbox 1353 720 1458 760; x_wconf 85' lang='lat'><strong>6664;</strong></span> <span class='ocrx_word' id='word_1_86' title='bbox 1498 716 1632 754; x_wconf 79' lang='lat' dir='ltr'><strong>similis</strong></span> <span class='ocrx_word' id='word_1_87' title='bbox 1669 717 1725 753; x_wconf 88' lang='lat' dir='ltr'><strong>rei</strong></span> <span class='ocrx_word' id='word_1_88' title='bbox 1760 728 1871 754; x_wconf 83' lang='lat' dir='ltr'><strong>causa</strong></span> 
     </span>
     <span class='ocr_line' id='line_1_10' title="bbox 225 771 628 820; baseline -0.002 -10"><span class='ocrx_word' id='word_1_89' title='bbox 225 771 342 819; x_wconf 72' lang='lat' dir='ltr'><strong>fundi</strong></span> <span class='ocrx_word' id='word_1_90' title='bbox 363 773 517 820; x_wconf 76' lang='lat' dir='ltr'><strong>obliyati</strong></span> <span class='ocrx_word' id='word_1_91' title='bbox 538 776 628 809; x_wconf 87' lang='grc'><strong>6663</strong></span> 
     </span>
    </p>

    <p class='ocr_par' dir='ltr' id='par_1_4' title="bbox 156 829 1876 991">
     <span class='ocr_line' id='line_1_11' title="bbox 156 829 1876 877; baseline 0.001 -11"><span class='ocrx_word' id='word_1_92' title='bbox 156 829 324 867; x_wconf 72' lang='lat' dir='ltr'><strong>kalendis</strong></span> <span class='ocrx_word' id='word_1_93' title='bbox 338 829 534 867; x_wconf 77' lang='lat' dir='ltr'><strong><em>Ianuariis</em></strong></span> <span class='ocrx_word' id='word_1_94' title='bbox 549 834 700 867; x_wconf 86' lang='lat' dir='ltr'><strong>strenua</strong></span> <span class='ocrx_word' id='word_1_95' title='bbox 715 831 953 868; x_wconf 83' lang='lat' dir='ltr'><strong>denariorum</strong></span> <span class='ocrx_word' id='word_1_96' title='bbox 969 833 1006 870; x_wconf 91' lang='lat' dir='ltr'><strong><em>V</em></strong></span> <span class='ocrx_word' id='word_1_97' title='bbox 1018 832 1116 876; x_wconf 83' lang='lat' dir='ltr'><strong>(aliis</strong></span> <span class='ocrx_word' id='word_1_98' title='bbox 1132 832 1373 868; x_wconf 78' lang='lat' dir='ltr'><strong>occasionibus</strong></span> <span class='ocrx_word' id='word_1_99' title='bbox 1389 831 1572 877; x_wconf 78' lang='lat' dir='ltr'><strong>sportulae</strong></span> <span class='ocrx_word' id='word_1_100' title='bbox 1587 830 1823 867; x_wconf 78' lang='lat' dir='ltr'><strong>denariorum</strong></span> <span class='ocrx_word' id='word_1_101' title='bbox 1839 831 1876 868; x_wconf 88' lang='lat' dir='ltr'><strong><em>V</em></strong></span> 
     </span>
     <span class='ocr_line' id='line_1_12' title="bbox 224 886 1870 935; baseline -0.001 -12"><span class='ocrx_word' id='word_1_102' title='bbox 224 886 280 924; x_wconf 75' lang='lat' dir='ltr'><strong>vel</strong></span> <span class='ocrx_word' id='word_1_103' title='bbox 301 886 394 932; x_wconf 88' lang='grc' dir='ltr'><strong>ΙΙΙ)</strong></span> <span class='ocrx_word' id='word_1_104' title='bbox 430 887 577 934; x_wconf 74' lang='lat' dir='ltr'><strong>colleyis</strong></span> <span class='ocrx_word' id='word_1_105' title='bbox 605 899 651 924; x_wconf 79' lang='lat' dir='ltr'><strong>eae</strong></span> <span class='ocrx_word' id='word_1_106' title='bbox 678 899 765 924; x_wconf 85' lang='lat' dir='ltr'><strong>arca</strong></span> <span class='ocrx_word' id='word_1_107' title='bbox 794 888 935 935; x_wconf 65' lang='lat' dir='ltr'><strong>collegii</strong></span> <span class='ocrx_word' id='word_1_108' title='bbox 964 888 1216 925; x_wconf 72' lang='lat' dir='ltr'><strong>distribuenda</strong></span> <span class='ocrx_word' id='word_1_109' title='bbox 1245 891 1355 933; x_wconf 83' lang='lat'>7214;</span> <span class='ocrx_word' id='word_1_110' title='bbox 1390 887 1561 924; x_wconf 82' lang='lat' dir='ltr'><strong>similiter</strong></span> <span class='ocrx_word' id='word_1_111' title='bbox 1587 891 1755 924; x_wconf 88' lang='lat' dir='ltr'><strong>strenuas</strong></span> <span class='ocrx_word' id='word_1_112' title='bbox 1778 887 1870 924; x_wconf 85' lang='lat' dir='ltr'><strong>divi—</strong></span> 
     </span>
     <span class='ocr_line' id='line_1_13' title="bbox 225 943 1477 991; baseline -0.001 -11"><span class='ocrx_word' id='word_1_113' title='bbox 225 943 355 980; x_wconf 79' lang='lat' dir='ltr'><strong>derent</strong></span> <span class='ocrx_word' id='word_1_114' title='bbox 375 954 431 990; x_wconf 88' lang='lat' dir='ltr'><strong>pr.</strong></span> <span class='ocrx_word' id='word_1_115' title='bbox 455 954 538 980; x_wconf 91' lang='lat' dir='ltr'><strong>non.</strong></span> <span class='ocrx_word' id='word_1_116' title='bbox 562 944 639 981; x_wconf 84' lang='lat' dir='ltr'><strong>Ian.</strong></span> <span class='ocrx_word' id='word_1_117' title='bbox 662 944 705 980; x_wconf 88' lang='lat' dir='ltr'><strong>in</strong></span> <span class='ocrx_word' id='word_1_118' title='bbox 726 945 873 991; x_wconf 76' lang='lat' dir='ltr'><strong>colleyio</strong></span> <span class='ocrx_word' id='word_1_119' title='bbox 897 946 1055 990; x_wconf 80' lang='lat' dir='ltr'><strong>quodam</strong></span> <span class='ocrx_word' id='word_1_120' title='bbox 1078 946 1316 982; x_wconf 72' lang='lat' dir='ltr'><strong>constitutum</strong></span> <span class='ocrx_word' id='word_1_121' title='bbox 1340 946 1429 979; x_wconf 88' lang='grc'><strong>7213</strong></span> <span class='ocrx_word' id='word_1_122' title='bbox 1443 943 1477 971; x_wconf 80' lang='grc'><strong>13</strong></span> 
     </span>
    </p>

    <p class='ocr_par' dir='ltr' id='par_1_5' title="bbox 156 999 1871 1104">
     <span class='ocr_line' id='line_1_14' title="bbox 156 999 1871 1046; baseline 0 -10"><span class='ocrx_word' id='word_1_123' title='bbox 156 999 308 1037; x_wconf 73' lang='lat' dir='ltr'><strong>tribules</strong></span> <span class='ocrx_word' id='word_1_124' title='bbox 329 1000 447 1037; x_wconf 77' lang='lat' dir='ltr'><strong>tribus</strong></span> <span class='ocrx_word' id='word_1_125' title='bbox 469 1001 662 1037; x_wconf 80' lang='lat' dir='ltr'><strong>Palatinae</strong></span> <span class='ocrx_word' id='word_1_126' title='bbox 686 1001 845 1046; x_wconf 88' lang='lat' dir='ltr'><strong>corporis</strong></span> <span class='ocrx_word' id='word_1_127' title='bbox 868 1002 1052 1038; x_wconf 84' lang='lat' dir='ltr'><strong>seniorum</strong></span> <span class='ocrx_word' id='word_1_128' title='bbox 1079 1002 1268 1038; x_wconf 86' lang='lat' dir='ltr'><strong>clientium</strong></span> <span class='ocrx_word' id='word_1_129' title='bbox 1291 1003 1512 1037; x_wconf 78' lang='lat' dir='ltr'><strong>testamento</strong></span> <span class='ocrx_word' id='word_1_130' title='bbox 1534 1000 1647 1036; x_wconf 83' lang='lat' dir='ltr'><strong>unius</strong></span> <span class='ocrx_word' id='word_1_131' title='bbox 1670 1011 1719 1037; x_wconf 78' lang='lat' dir='ltr'><strong>ex</strong></span> <span class='ocrx_word' id='word_1_132' title='bbox 1740 1001 1789 1036; x_wconf 80' lang='lat' dir='ltr'><strong>iis</strong></span> <span class='ocrx_word' id='word_1_133' title='bbox 1813 1000 1871 1036; x_wconf 87' lang='lat' dir='ltr'><strong>de·</strong></span> 
     </span>
     <span class='ocr_line' id='line_1_15' title="bbox 224 1057 1215 1104; baseline -0.001 -9"><span class='ocrx_word' id='word_1_134' title='bbox 224 1057 349 1104; x_wconf 62' lang='grc' dir='ltr'><strong>Μαί</strong></span> <span class='ocrx_word' id='word_1_135' title='bbox 370 1057 550 1095; x_wconf 81' lang='lat' dir='ltr'><strong>divisione</strong></span> <span class='ocrx_word' id='word_1_136' title='bbox 574 1058 809 1103; x_wconf 79' lang='lat' dir='ltr'><strong>exequiarum</strong></span> <span class='ocrx_word' id='word_1_137' title='bbox 833 1057 911 1094; x_wconf 86' lang='lat' dir='ltr'><strong>eius</strong></span> <span class='ocrx_word' id='word_1_138' title='bbox 935 1058 1105 1095; x_wconf 88' lang='lat' dir='ltr'><strong>honorati</strong></span> <span class='ocrx_word' id='word_1_139' title='bbox 1129 1061 1215 1094; x_wconf 90' lang='grc'><strong>6057</strong></span> 
     </span>
    </p>

    <p class='ocr_par' dir='ltr' id='par_1_6' title="bbox 155 1114 1870 1275">
     <span class='ocr_line' id='line_1_16' title="bbox 155 1114 1869 1161; baseline -0.001 -10"><span class='ocrx_word' id='word_1_140' title='bbox 155 1114 201 1151; x_wconf 83' lang='lat' dir='ltr'><strong>ob</strong></span> <span class='ocrx_word' id='word_1_141' title='bbox 217 1124 372 1160; x_wconf 81' lang='lat' dir='ltr'><strong>quarum</strong></span> <span class='ocrx_word' id='word_1_142' title='bbox 395 1114 616 1161; x_wconf 64' lang='lat' dir='ltr'><strong>(imaginum</strong></span> <span class='ocrx_word' id='word_1_143' title='bbox 630 1115 866 1160; x_wconf 76' lang='lat' dir='ltr'><strong>quarundam</strong></span> <span class='ocrx_word' id='word_1_144' title='bbox 881 1116 1152 1161; x_wconf 67' lang='lat' dir='ltr'><strong>argenteorum)</strong></span> <span class='ocrx_word' id='word_1_145' title='bbox 1176 1114 1438 1151; x_wconf 83' lang='lat' dir='ltr'><strong>dedicationem</strong></span> <span class='ocrx_word' id='word_1_146' title='bbox 1456 1114 1680 1150; x_wconf 80' lang='lat' dir='ltr'><strong>consecravit</strong></span> <span class='ocrx_word' id='word_1_147' title='bbox 1702 1114 1869 1159; x_wconf 81' lang='lat' dir='ltr'><strong>gerusiae</strong></span> 
     </span>
     <span class='ocr_line' id='line_1_17' title="bbox 225 1169 1870 1218; baseline -0.002 -10"><span class='ocrx_word' id='word_1_148' title='bbox 225 1170 434 1217; x_wconf 70' lang='lat' dir='ltr'><strong>(Ephesiae)</strong></span> <span class='ocrx_word' id='word_1_149' title='bbox 455 1172 495 1208; x_wconf 90' lang='lat' dir='ltr'><strong>in</strong></span> <span class='ocrx_word' id='word_1_150' title='bbox 518 1171 748 1208; x_wconf 86' lang='lat' dir='ltr'><strong>sortitionem</strong></span> <span class='ocrx_word' id='word_1_151' title='bbox 771 1172 944 1208; x_wconf 84' lang='lat' dir='ltr'><strong>sestertia</strong></span> <span class='ocrx_word' id='word_1_152' title='bbox 967 1173 1090 1209; x_wconf 86' lang='lat' dir='ltr'><strong>decem</strong></span> <span class='ocrx_word' id='word_1_153' title='bbox 1114 1176 1254 1218; x_wconf 87' lang='lat' dir='ltr'><strong>septem</strong></span> <span class='ocrx_word' id='word_1_154' title='bbox 1277 1171 1381 1207; x_wconf 86' lang='lat' dir='ltr'><strong>milia</strong></span> <span class='ocrx_word' id='word_1_155' title='bbox 1402 1181 1601 1216; x_wconf 90' lang='lat' dir='ltr'><strong>nummum,</strong></span> <span class='ocrx_word' id='word_1_156' title='bbox 1633 1181 1697 1206; x_wconf 88' lang='lat' dir='ltr'><strong>sex</strong></span> <span class='ocrx_word' id='word_1_157' title='bbox 1719 1169 1870 1215; x_wconf 83' lang='lat' dir='ltr'><strong>phylaes</strong></span> 
     </span>
     <span class='ocr_line' id='line_1_18' title="bbox 229 1227 1073 1275; baseline 0.001 -11"><span class='ocrx_word' id='word_1_158' title='bbox 229 1227 502 1275; x_wconf 52' lang='lat' dir='ltr'><strong>(himnorum)</strong></span> <span class='ocrx_word' id='word_1_159' title='bbox 531 1231 615 1265; x_wconf 74' lang='lat' dir='ltr'><strong>sest.</strong></span> <span class='ocrx_word' id='word_1_160' title='bbox 640 1229 777 1264; x_wconf 87' lang='grc'><strong>33333</strong></span> <span class='ocrx_word' id='word_1_161' title='bbox 790 1229 829 1275; x_wconf 78' lang='lat' dir='ltr'><strong>¹l,</strong></span> <span class='ocrx_word' id='word_1_162' title='bbox 857 1231 958 1265; x_wconf 91' lang='grc'><strong>7193.</strong></span> <span class='ocrx_word' id='word_1_163' title='bbox 984 1232 1073 1265; x_wconf 90' lang='grc'><strong>7194</strong></span> 
     </span>
    </p>

    <p class='ocr_par' dir='ltr' id='par_1_7' title="bbox 155 1283 1870 1550">
     <span class='ocr_line' id='line_1_19' title="bbox 155 1283 1870 1332; baseline -0.002 -10"><span class='ocrx_word' id='word_1_164' title='bbox 155 1285 311 1330; x_wconf 72' lang='lat' dir='ltr'><strong>pecunia</strong></span> <span class='ocrx_word' id='word_1_165' title='bbox 341 1286 524 1331; x_wconf 68' lang='lat' dir='ltr'><strong>quaedam</strong></span> <span class='ocrx_word' id='word_1_166' title='bbox 557 1287 659 1331; x_wconf 77' lang='lat' dir='ltr'><strong>(sest.</strong></span> <span class='ocrx_word' id='word_1_167' title='bbox 683 1286 878 1332; x_wconf 83' lang='lat'><em>280000)</em></span> <span class='ocrx_word' id='word_1_168' title='bbox 915 1286 1061 1323; x_wconf 81' lang='lat' dir='ltr'><strong>civitati</strong></span> <span class='ocrx_word' id='word_1_169' title='bbox 1093 1284 1368 1322; x_wconf 78' lang='lat' dir='ltr'><strong>Nacoliensium</strong></span> <span class='ocrx_word' id='word_1_170' title='bbox 1405 1283 1550 1329; x_wconf 72' lang='lat' dir='ltr'><strong>relicta,</strong></span> <span class='ocrx_word' id='word_1_171' title='bbox 1586 1294 1722 1319; x_wconf 80' lang='lat' dir='ltr'><strong>usurae</strong></span> <span class='ocrx_word' id='word_1_172' title='bbox 1750 1283 1870 1329; x_wconf 78' lang='lat' dir='ltr'><strong>primi</strong></span> 
     </span>
     <span class='ocr_line' id='line_1_20' title="bbox 226 1338 1870 1388; baseline -0.002 -9"><span class='ocrx_word' id='word_1_173' title='bbox 226 1342 382 1379; x_wconf 66' lang='lat' dir='ltr'><strong>triennii</strong></span> <span class='ocrx_word' id='word_1_174' title='bbox 401 1343 650 1388; x_wconf 81' lang='lat' dir='ltr'><strong>comparando</strong></span> <span class='ocrx_word' id='word_1_175' title='bbox 673 1342 824 1379; x_wconf 81' lang='lat' dir='ltr'><strong>sitonico</strong></span> <span class='ocrx_word' id='word_1_176' title='bbox 848 1342 1065 1387; x_wconf 74' lang='lat' dir='ltr'><strong>destinatae,</strong></span> <span class='ocrx_word' id='word_1_177' title='bbox 1095 1338 1259 1388; x_wconf 83' lang='lat' dir='ltr'><strong>‘peracto</strong></span> <span class='ocrx_word' id='word_1_178' title='bbox 1283 1340 1439 1377; x_wconf 87' lang='lat' dir='ltr'><strong>triennio</strong></span> <span class='ocrx_word' id='word_1_179' title='bbox 1463 1341 1544 1376; x_wconf 87' lang='lat' dir='ltr'><strong>volo</strong></span> <span class='ocrx_word' id='word_1_180' title='bbox 1568 1339 1646 1375; x_wconf 87' lang='lat' dir='ltr'><strong>eius</strong></span> <span class='ocrx_word' id='word_1_181' title='bbox 1670 1339 1786 1376; x_wconf 88' lang='lat' dir='ltr'><strong>omnis</strong></span> <span class='ocrx_word' id='word_1_182' title='bbox 1809 1349 1870 1385; x_wconf 86' lang='lat' dir='ltr'><strong>pe-</strong></span> 
     </span>
     <span class='ocr_line' id='line_1_21' title="bbox 224 1395 1870 1445; baseline -0.003 -9"><span class='ocrx_word' id='word_1_183' title='bbox 224 1398 355 1436; x_wconf 74' lang='lat' dir='ltr'><strong>cuniae</strong></span> <span class='ocrx_word' id='word_1_184' title='bbox 378 1409 508 1436; x_wconf 82' lang='lat' dir='ltr'><strong>usuras</strong></span> <span class='ocrx_word' id='word_1_185' title='bbox 532 1400 724 1445; x_wconf 83' lang='lat' dir='ltr'><strong>quodquod</strong></span> <span class='ocrx_word' id='word_1_186' title='bbox 747 1400 852 1436; x_wconf 85' lang='lat' dir='ltr'><strong>annis</strong></span> <span class='ocrx_word' id='word_1_187' title='bbox 868 1400 1009 1436; x_wconf 80' lang='lat' dir='ltr'><strong>civibus</strong></span> <span class='ocrx_word' id='word_1_188' title='bbox 1032 1399 1123 1435; x_wconf 86' lang='lat' dir='ltr'><strong>meis</strong></span> <span class='ocrx_word' id='word_1_189' title='bbox 1139 1398 1254 1434; x_wconf 87' lang='lat' dir='ltr'><strong>dividi</strong></span> <span class='ocrx_word' id='word_1_190' title='bbox 1269 1397 1539 1443; x_wconf 82' lang='lat' dir='ltr'><strong>politographia</strong></span> <span class='ocrx_word' id='word_1_191' title='bbox 1561 1397 1660 1432; x_wconf 79' lang='lat' dir='ltr'><strong>facta</strong></span> <span class='ocrx_word' id='word_1_192' title='bbox 1681 1396 1739 1432; x_wconf 89' lang='lat' dir='ltr'><strong>die</strong></span> <span class='ocrx_word' id='word_1_193' title='bbox 1754 1395 1870 1432; x_wconf 78' lang='lat' dir='ltr'><strong>natali</strong></span> 
     </span>
     <span class='ocr_line' id='line_1_22' title="bbox 222 1452 1869 1502; baseline -0.003 -10"><span class='ocrx_word' id='word_1_194' title='bbox 222 1455 361 1492; x_wconf 81' lang='lat' dir='ltr'><strong>domini</strong></span> <span class='ocrx_word' id='word_1_195' title='bbox 375 1456 519 1500; x_wconf 87' lang='lat' dir='ltr'><strong>n(ostri)</strong></span> <span class='ocrx_word' id='word_1_196' title='bbox 541 1456 692 1493; x_wconf 83' lang='lat' dir='ltr'><strong>Traiani</strong></span> <span class='ocrx_word' id='word_1_197' title='bbox 711 1457 908 1502; x_wconf 81' lang='lat' dir='ltr'><strong>Hadriani3</strong></span> <span class='ocrx_word' id='word_1_198' title='bbox 932 1455 1106 1502; x_wconf 87' lang='lat' dir='ltr'><strong>sportulis</strong></span> <span class='ocrx_word' id='word_1_199' title='bbox 1122 1459 1246 1491; x_wconf 84' lang='lat' dir='ltr'><strong>autem</strong></span> <span class='ocrx_word' id='word_1_200' title='bbox 1265 1459 1407 1500; x_wconf 81' lang='lat' dir='ltr'><strong>partem</strong></span> <span class='ocrx_word' id='word_1_201' title='bbox 1431 1453 1618 1489; x_wconf 83' lang='lat' dir='ltr'><strong>dimidiam</strong></span> <span class='ocrx_word' id='word_1_202' title='bbox 1642 1452 1720 1488; x_wconf 90' lang='lat' dir='ltr'><strong>eius</strong></span> <span class='ocrx_word' id='word_1_203' title='bbox 1737 1462 1869 1488; x_wconf 85' lang='lat' dir='ltr'><strong>usurae</strong></span> 
     </span>
     <span class='ocr_line' id='line_1_23' title="bbox 222 1512 668 1550; baseline -0.002 0"><span class='ocrx_word' id='word_1_204' title='bbox 222 1512 340 1550; x_wconf 75' lang='lat' dir='ltr'><strong>tribui</strong></span> <span class='ocrx_word' id='word_1_205' title='bbox 361 1513 463 1550; x_wconf 79' lang='lat' dir='ltr'><strong>volo&#39;</strong></span> <span class='ocrx_word' id='word_1_206' title='bbox 484 1514 548 1549; x_wconf 84' lang='lat' dir='ltr'><strong>eet.</strong></span> <span class='ocrx_word' id='word_1_207' title='bbox 578 1515 668 1549; x_wconf 91' lang='grc'><strong>7196</strong></span> 
     </span>
    </p>
   </div>
   <div class='ocr_carea' id='block_1_3' title="bbox 147 1610 1870 2003">
    <p class='ocr_par' dir='ltr' id='par_1_8' title="bbox 150 1610 1870 1721">
     <span class='ocr_line' id='line_1_24' title="bbox 150 1610 1870 1662; baseline -0.003 -10"><span class='ocrx_word' id='word_1_208' title='bbox 150 1614 332 1662; x_wconf 75' lang='lat' dir='ltr'><strong>sportulas</strong></span> <span class='ocrx_word' id='word_1_209' title='bbox 362 1614 479 1652; x_wconf 81' lang='lat' dir='ltr'><strong>dividi</strong></span> <span class='ocrx_word' id='word_1_210' title='bbox 506 1615 649 1662; x_wconf 75' lang='lat' dir='ltr'><strong>placuit</strong></span> <span class='ocrx_word' id='word_1_211' title='bbox 671 1615 711 1652; x_wconf 93' lang='lat' dir='ltr'><strong>in</strong></span> <span class='ocrx_word' id='word_1_212' title='bbox 734 1615 813 1652; x_wconf 81' lang='lat' dir='ltr'><strong>foro</strong></span> <span class='ocrx_word' id='word_1_213' title='bbox 836 1618 923 1652; x_wconf 79' lang='lat' dir='ltr'><strong>ante</strong></span> <span class='ocrx_word' id='word_1_214' title='bbox 946 1618 1089 1651; x_wconf 85' lang='lat' dir='ltr'><strong>statuas</strong></span> <span class='ocrx_word' id='word_1_215' title='bbox 1113 1614 1229 1660; x_wconf 86' lang='lat' dir='ltr'><strong>ipsius</strong></span> <span class='ocrx_word' id='word_1_216' title='bbox 1261 1612 1347 1657; x_wconf 87' lang='lat' dir='ltr'><strong>(viri</strong></span> <span class='ocrx_word' id='word_1_217' title='bbox 1370 1612 1459 1656; x_wconf 82' lang='lat' dir='ltr'><strong>eius,</strong></span> <span class='ocrx_word' id='word_1_218' title='bbox 1489 1613 1595 1649; x_wconf 87' lang='lat' dir='ltr'><strong>cuius</strong></span> <span class='ocrx_word' id='word_1_219' title='bbox 1617 1610 1782 1657; x_wconf 79' lang='lat' dir='ltr'><strong>defuncti</strong></span> <span class='ocrx_word' id='word_1_220' title='bbox 1804 1621 1870 1646; x_wconf 88' lang='lat' dir='ltr'><strong>na-</strong></span> 
     </span>
     <span class='ocr_line' id='line_1_25' title="bbox 220 1662 1782 1721; baseline -0.002 -11"><span class='ocrx_word' id='word_1_221' title='bbox 220 1671 311 1721; x_wconf 67' lang='lat' dir='ltr'><strong>talie</strong></span> <span class='ocrx_word' id='word_1_222' title='bbox 332 1672 389 1710; x_wconf 77' lang='lat' dir='ltr'><strong>ita</strong></span> <span class='ocrx_word' id='word_1_223' title='bbox 411 1671 589 1708; x_wconf 61' lang='lat' dir='ltr'><strong>celebrem·</strong></span> <span class='ocrx_word' id='word_1_224' title='bbox 611 1672 770 1716; x_wconf 78' lang='lat' dir='ltr'><strong>debebat)</strong></span> <span class='ocrx_word' id='word_1_225' title='bbox 795 1674 884 1709; x_wconf 85' lang='lat'>6148</span> <span class='ocrx_word' id='word_1_226' title='bbox 1777 1662 1782 1668; x_wconf 90' lang='lat'>&#39;</span> 
     </span>
    </p>

    <p class='ocr_par' dir='ltr' id='par_1_9' title="bbox 151 1723 1870 1832">
     <span class='ocr_line' id='line_1_26' title="bbox 151 1723 1870 1775; baseline -0.005 -9"><span class='ocrx_word' id='word_1_227' title='bbox 151 1733 196 1770; x_wconf 83' lang='lat' dir='ltr'><strong>ut</strong></span> <span class='ocrx_word' id='word_1_228' title='bbox 217 1728 473 1766; x_wconf 75' lang='lat' dir='ltr'><strong>honestissimo</strong></span> <span class='ocrx_word' id='word_1_229' title='bbox 501 1728 630 1766; x_wconf 80' lang='lat' dir='ltr'><strong>habitu</strong></span> <span class='ocrx_word' id='word_1_230' title='bbox 658 1729 757 1766; x_wconf 86' lang='lat' dir='ltr'><strong>inter</strong></span> <span class='ocrx_word' id='word_1_231' title='bbox 785 1733 992 1775; x_wconf 76' lang='lat' dir='ltr'><strong>praesentes</strong></span> <span class='ocrx_word' id='word_1_232' title='bbox 1022 1732 1061 1765; x_wconf 86' lang='lat' dir='ltr'><strong>et</strong></span> <span class='ocrx_word' id='word_1_233' title='bbox 1090 1728 1278 1773; x_wconf 83' lang='lat' dir='ltr'><strong>epulantes</strong></span> <span class='ocrx_word' id='word_1_234' title='bbox 1301 1736 1430 1762; x_wconf 84' lang='lat' dir='ltr'><strong>usuras</strong></span> <span class='ocrx_word' id='word_1_235' title='bbox 1461 1726 1538 1762; x_wconf 89' lang='lat' dir='ltr'><strong>eius</strong></span> <span class='ocrx_word' id='word_1_236' title='bbox 1562 1733 1723 1761; x_wconf 87' lang='lat' dir='ltr'><strong>summae</strong></span> <span class='ocrx_word' id='word_1_237' title='bbox 1746 1733 1791 1759; x_wconf 89' lang='lat' dir='ltr'><strong>ea</strong></span> <span class='ocrx_word' id='word_1_238' title='bbox 1814 1723 1870 1758; x_wconf 86' lang='lat' dir='ltr'><strong>die</strong></span> 
     </span>
     <span class='ocr_line' id='line_1_27' title="bbox 221 1785 1165 1832; baseline -0.004 -9"><span class='ocrx_word' id='word_1_239' title='bbox 221 1785 356 1830; x_wconf 80' lang='lat' dir='ltr'><strong>(natali</strong></span> <span class='ocrx_word' id='word_1_240' title='bbox 377 1785 510 1832; x_wconf 68' lang='lat' dir='ltr'><strong>ipsius)</strong></span> <span class='ocrx_word' id='word_1_241' title='bbox 535 1786 746 1830; x_wconf 81' lang='lat' dir='ltr'><strong>[divinatis,</strong></span> <span class='ocrx_word' id='word_1_242' title='bbox 778 1785 873 1832; x_wconf 83' lang='lat' dir='ltr'><strong>petit</strong></span> <span class='ocrx_word' id='word_1_243' title='bbox 894 1786 1052 1822; x_wconf 86' lang='lat' dir='ltr'><strong>donator</strong></span> <span class='ocrx_word' id='word_1_244' title='bbox 1075 1786 1165 1820; x_wconf 89' lang='grc'><strong>7259</strong></span> 
     </span>
    </p>

    <p class='ocr_par' dir='ltr' id='par_1_10' title="bbox 151 1835 1870 1946">
     <span class='ocr_line' id='line_1_28' title="bbox 151 1835 1870 1890; baseline -0.006 -9"><span class='ocrx_word' id='word_1_245' title='bbox 151 1842 250 1880; x_wconf 79' lang='lat' dir='ltr'><strong>inter</strong></span> <span class='ocrx_word' id='word_1_246' title='bbox 277 1847 487 1890; x_wconf 80' lang='lat' dir='ltr'><strong>praesentes</strong></span> <span class='ocrx_word' id='word_1_247' title='bbox 515 1843 607 1880; x_wconf 82' lang='lat' dir='ltr'><strong>hora</strong></span> <span class='ocrx_word' id='word_1_248' title='bbox 629 1843 665 1880; x_wconf 89' lang='lat' dir='ltr'>H</span> <span class='ocrx_word' id='word_1_249' title='bbox 689 1843 873 1887; x_wconf 77' lang='lat' dir='ltr'><strong>(secunda)</strong></span> <span class='ocrx_word' id='word_1_250' title='bbox 904 1852 1019 1887; x_wconf 89' lang='lat' dir='ltr'><strong>usque</strong></span> <span class='ocrx_word' id='word_1_251' title='bbox 1046 1841 1092 1877; x_wconf 84' lang='lat' dir='ltr'><strong>ad</strong></span> <span class='ocrx_word' id='word_1_252' title='bbox 1123 1850 1202 1876; x_wconf 81' lang='lat' dir='ltr'><strong>asse</strong></span> <span class='ocrx_word' id='word_1_253' title='bbox 1226 1839 1301 1883; x_wconf 77' lang='lat' dir='ltr'><strong>(sie)</strong></span> <span class='ocrx_word' id='word_1_254' title='bbox 1333 1839 1533 1875; x_wconf 86' lang='lat' dir='ltr'><strong>dividiatur</strong></span> <span class='ocrx_word' id='word_1_255' title='bbox 1555 1837 1645 1882; x_wconf 79' lang='lat' dir='ltr'><strong>(sie),</strong></span> <span class='ocrx_word' id='word_1_256' title='bbox 1674 1835 1870 1881; x_wconf 82' lang='lat' dir='ltr'><strong>quotannis</strong></span> 
     </span>
     <span class='ocr_line' id='line_1_29' title="bbox 222 1896 1334 1946; baseline -0.004 -9"><span class='ocrx_word' id='word_1_257' title='bbox 222 1899 321 1946; x_wconf 70' lang='lat' dir='ltr'><strong>quod</strong></span> <span class='ocrx_word' id='word_1_258' title='bbox 343 1911 389 1936; x_wconf 63' lang='lat' dir='ltr'><strong>a</strong></span> <span class='ocrx_word' id='word_1_259' title='bbox 410 1900 538 1937; x_wconf 79' lang='lat' dir='ltr'><strong>usuris</strong></span> <span class='ocrx_word' id='word_1_260' title='bbox 558 1899 733 1946; x_wconf 77' lang='lat' dir='ltr'><strong>pecuniae</strong></span> <span class='ocrx_word' id='word_1_261' title='bbox 756 1899 915 1936; x_wconf 85' lang='lat' dir='ltr'><strong>donatae</strong></span> <span class='ocrx_word' id='word_1_262' title='bbox 937 1898 1127 1934; x_wconf 82' lang='lat' dir='ltr'><strong>redactum</strong></span> <span class='ocrx_word' id='word_1_263' title='bbox 1151 1896 1223 1933; x_wconf 73' lang='lat' dir='ltr'><strong>erit</strong></span> <span class='ocrx_word' id='word_1_264' title='bbox 1245 1899 1334 1932; x_wconf 84' lang='lat'><strong>6164</strong></span> 
     </span>
    </p>

    <p class='ocr_par' dir='ltr' id='par_1_11' title="bbox 147 1954 1451 2003">
     <span class='ocr_line' id='line_1_30' title="bbox 147 1954 1451 2003; baseline -0.005 -8"><span class='ocrx_word' id='word_1_265' title='bbox 147 1956 407 2003; x_wconf 66' lang='lat' dir='ltr'><strong>praesentiam</strong></span> <span class='ocrx_word' id='word_1_266' title='bbox 429 1956 678 2002; x_wconf 76' lang='lat' dir='ltr'><strong>municipibus</strong></span> <span class='ocrx_word' id='word_1_267' title='bbox 701 1956 798 1993; x_wconf 83' lang='lat' dir='ltr'><strong>aeris</strong></span> <span class='ocrx_word' id='word_1_268' title='bbox 821 1959 968 1992; x_wconf 86' lang='lat' dir='ltr'><strong>octonos</strong></span> <span class='ocrx_word' id='word_1_269' title='bbox 993 1954 1155 1991; x_wconf 74' lang='lat' dir='ltr'><strong>destinat</strong></span> <span class='ocrx_word' id='word_1_270' title='bbox 1176 1955 1334 1990; x_wconf 85' lang='lat' dir='ltr'><strong>donator</strong></span> <span class='ocrx_word' id='word_1_271' title='bbox 1362 1955 1451 1989; x_wconf 85' lang='lat'><strong>6638</strong></span> 
     </span>
    </p>
   </div>
   <div class='ocr_carea' id='block_1_4' title="bbox 95 2087 1870 2885">
    <p class='ocr_par' dir='ltr' id='par_1_12' title="bbox 152 2087 1870 2480">
     <span class='ocr_line' id='line_1_31' title="bbox 152 2087 1870 2140; baseline -0.005 -9"><span class='ocrx_word' id='word_1_272' title='bbox 152 2094 312 2131; x_wconf 84' lang='lat' dir='ltr'><strong>mulsum</strong></span> <span class='ocrx_word' id='word_1_273' title='bbox 348 2098 387 2130; x_wconf 85' lang='lat' dir='ltr'><strong>et</strong></span> <span class='ocrx_word' id='word_1_274' title='bbox 419 2096 583 2130; x_wconf 75' lang='lat' dir='ltr'><strong>erustum</strong></span> <span class='ocrx_word' id='word_1_275' title='bbox 621 2093 686 2140; x_wconf 82' lang='lat' dir='ltr'><strong>(sic</strong></span> <span class='ocrx_word' id='word_1_276' title='bbox 722 2095 822 2128; x_wconf 92' lang='grc'><strong>5595.</strong></span> <span class='ocrx_word' id='word_1_277' title='bbox 856 2094 957 2134; x_wconf 84' lang='grc'><strong>6297,</strong></span> <span class='ocrx_word' id='word_1_278' title='bbox 997 2090 1155 2127; x_wconf 87' lang='lat' dir='ltr'><strong>mulsum</strong></span> <span class='ocrx_word' id='word_1_279' title='bbox 1190 2094 1230 2126; x_wconf 84' lang='lat' dir='ltr'><strong>et</strong></span> <span class='ocrx_word' id='word_1_280' title='bbox 1264 2089 1440 2126; x_wconf 83' lang='lat' dir='ltr'><strong>crustlum</strong></span> <span class='ocrx_word' id='word_1_281' title='bbox 1479 2091 1542 2124; x_wconf 90' lang='grc'><strong>154</strong></span> <span class='ocrx_word' id='word_1_282' title='bbox 1556 2088 1600 2133; x_wconf 87' lang='grc'><strong>15,</strong></span> <span class='ocrx_word' id='word_1_283' title='bbox 1639 2087 1795 2123; x_wconf 88' lang='lat' dir='ltr'><strong>mulsum</strong></span> <span class='ocrx_word' id='word_1_284' title='bbox 1831 2089 1870 2122; x_wconf 87' lang='lat' dir='ltr'><strong>et</strong></span> 
     </span>
     <span class='ocr_line' id='line_1_32' title="bbox 221 2145 1870 2197; baseline -0.006 -9"><span class='ocrx_word' id='word_1_285' title='bbox 221 2151 364 2189; x_wconf 73' lang='lat' dir='ltr'><strong>erustla</strong></span> <span class='ocrx_word' id='word_1_286' title='bbox 387 2150 511 2197; x_wconf 84' lang='grc'><strong>15417,</strong></span> <span class='ocrx_word' id='word_1_287' title='bbox 549 2150 718 2196; x_wconf 88' lang='lat' dir='ltr'><strong>mulsum,</strong></span> <span class='ocrx_word' id='word_1_288' title='bbox 743 2149 907 2186; x_wconf 84' lang='lat' dir='ltr'><strong>crustula</strong></span> <span class='ocrx_word' id='word_1_289' title='bbox 930 2151 1019 2185; x_wconf 85' lang='grc'><strong>6270</strong></span> <span class='ocrx_word' id='word_1_290' title='bbox 1035 2159 1159 2191; x_wconf 73' lang='lat' dir='ltr'><strong>carm,</strong></span> <span class='ocrx_word' id='word_1_291' title='bbox 1199 2151 1360 2184; x_wconf 88' lang='lat' dir='ltr'><strong>crustum</strong></span> <span class='ocrx_word' id='word_1_292' title='bbox 1382 2150 1420 2182; x_wconf 85' lang='lat' dir='ltr'><strong>et</strong></span> <span class='ocrx_word' id='word_1_293' title='bbox 1434 2145 1590 2181; x_wconf 88' lang='lat' dir='ltr'><strong>mulsum</strong></span> <span class='ocrx_word' id='word_1_294' title='bbox 1615 2146 1716 2188; x_wconf 88' lang='grc'><strong>6290,</strong></span> <span class='ocrx_word' id='word_1_295' title='bbox 1756 2147 1870 2179; x_wconf 87' lang='lat' dir='ltr'><strong>crust-</strong></span> 
     </span>
     <span class='ocr_line' id='line_1_33' title="bbox 223 2201 1867 2254; baseline -0.006 -9"><span class='ocrx_word' id='word_1_296' title='bbox 223 2209 328 2254; x_wconf 81' lang='lat' dir='ltr'><strong>mum</strong></span> <span class='ocrx_word' id='word_1_297' title='bbox 343 2212 384 2246; x_wconf 87' lang='lat' dir='ltr'><strong>et</strong></span> <span class='ocrx_word' id='word_1_298' title='bbox 397 2207 555 2244; x_wconf 88' lang='lat' dir='ltr'><strong>mulsum</strong></span> <span class='ocrx_word' id='word_1_299' title='bbox 573 2209 674 2250; x_wconf 83' lang='lat'>5418,</span> <span class='ocrx_word' id='word_1_300' title='bbox 711 2207 879 2252; x_wconf 87' lang='lat' dir='ltr'><strong>[crust]lu</strong></span> <span class='ocrx_word' id='word_1_301' title='bbox 895 2210 933 2242; x_wconf 87' lang='lat' dir='ltr'><strong>et</strong></span> <span class='ocrx_word' id='word_1_302' title='bbox 947 2203 1132 2251; x_wconf 73' lang='lat' dir='ltr'><strong>mu11sum]</strong></span> <span class='ocrx_word' id='word_1_303' title='bbox 1158 2206 1259 2249; x_wconf 87' lang='grc'><strong>6209,</strong></span> <span class='ocrx_word' id='word_1_304' title='bbox 1293 2202 1497 2239; x_wconf 86' lang='lat' dir='ltr'><strong>crustulum</strong></span> <span class='ocrx_word' id='word_1_305' title='bbox 1513 2206 1551 2238; x_wconf 89' lang='lat' dir='ltr'><strong>et</strong></span> <span class='ocrx_word' id='word_1_306' title='bbox 1565 2201 1723 2237; x_wconf 88' lang='lat' dir='ltr'><strong>mulsum</strong></span> <span class='ocrx_word' id='word_1_307' title='bbox 1748 2203 1837 2236; x_wconf 87' lang='grc'><strong>3796</strong></span> <span class='ocrx_word' id='word_1_308' title='bbox 1845 2208 1867 2234; x_wconf 72' lang='lat'><strong>¹¹.</strong></span> 
     </span>
     <span class='ocr_line' id='line_1_34' title="bbox 220 2257 1870 2311; baseline -0.007 -7"><span class='ocrx_word' id='word_1_309' title='bbox 220 2269 332 2311; x_wconf 84' lang='grc'><strong>6294,</strong></span> <span class='ocrx_word' id='word_1_310' title='bbox 369 2265 548 2302; x_wconf 85' lang='lat' dir='ltr'><strong>elustrum</strong></span> <span class='ocrx_word' id='word_1_311' title='bbox 577 2268 617 2299; x_wconf 84' lang='lat' dir='ltr'><strong>et</strong></span> <span class='ocrx_word' id='word_1_312' title='bbox 642 2263 803 2299; x_wconf 88' lang='lat' dir='ltr'><strong>mulsum</strong></span> <span class='ocrx_word' id='word_1_313' title='bbox 827 2264 917 2299; x_wconf 88' lang='grc'><strong>6559</strong></span> <span class='ocrx_word' id='word_1_314' title='bbox 925 2275 934 2308; x_wconf 89' lang='grc'><strong>;</strong></span> <span class='ocrx_word' id='word_1_315' title='bbox 973 2261 1015 2298; x_wconf 90' lang='lat' dir='ltr'><strong>in</strong></span> <span class='ocrx_word' id='word_1_316' title='bbox 1038 2261 1113 2298; x_wconf 87' lang='lat' dir='ltr'><strong>eod.</strong></span> <span class='ocrx_word' id='word_1_317' title='bbox 1139 2263 1166 2298; x_wconf 85' lang='lat' dir='ltr'><strong>t.</strong></span> <span class='ocrx_word' id='word_1_318' title='bbox 1190 2260 1349 2306; x_wconf 68' lang='lat' dir='ltr'><strong>crustul„</strong></span> <span class='ocrx_word' id='word_1_319' title='bbox 1379 2259 1537 2295; x_wconf 90' lang='lat' dir='ltr'><strong>mulsum</strong></span> <span class='ocrx_word' id='word_1_320' title='bbox 1573 2278 1618 2283; x_wconf 97' lang='lat'><strong>—</strong></span> <span class='ocrx_word' id='word_1_321' title='bbox 1653 2257 1808 2293; x_wconf 86' lang='lat' dir='ltr'><strong>mulsum</strong></span> <span class='ocrx_word' id='word_1_322' title='bbox 1833 2262 1870 2292; x_wconf 88' lang='lat' dir='ltr'><strong>et</strong></span> 
     </span>
     <span class='ocr_line' id='line_1_35' title="bbox 221 2313 1869 2366; baseline -0.007 -7"><span class='ocrx_word' id='word_1_323' title='bbox 221 2326 334 2360; x_wconf 85' lang='lat' dir='ltr'><strong>erust.</strong></span> <span class='ocrx_word' id='word_1_324' title='bbox 359 2342 402 2349; x_wconf 97' lang='lat'><strong>—</strong></span> <span class='ocrx_word' id='word_1_325' title='bbox 426 2325 537 2358; x_wconf 82' lang='lat' dir='ltr'><strong>erust.</strong></span> <span class='ocrx_word' id='word_1_326' title='bbox 560 2320 719 2356; x_wconf 84' lang='lat' dir='ltr'><strong>mulsum</strong></span> <span class='ocrx_word' id='word_1_327' title='bbox 743 2319 846 2366; x_wconf 92' lang='grc'><strong>6271)</strong></span> <span class='ocrx_word' id='word_1_328' title='bbox 876 2319 1019 2365; x_wconf 79' lang='lat' dir='ltr'><strong>populo</strong></span> <span class='ocrx_word' id='word_1_329' title='bbox 1042 2318 1284 2355; x_wconf 82' lang='lat' dir='ltr'><strong>distributum</strong></span> <span class='ocrx_word' id='word_1_330' title='bbox 1307 2316 1528 2363; x_wconf 77' lang='lat' dir='ltr'><strong>(plerumque</strong></span> <span class='ocrx_word' id='word_1_331' title='bbox 1551 2313 1775 2350; x_wconf 80' lang='lat' dir='ltr'><strong>dedicatione</strong></span> <span class='ocrx_word' id='word_1_332' title='bbox 1796 2315 1869 2348; x_wconf 83' lang='lat' dir='ltr'><strong>sta-</strong></span> 
     </span>
     <span class='ocr_line' id='line_1_36' title="bbox 224 2372 1867 2428; baseline -0.008 -11"><span class='ocrx_word' id='word_1_333' title='bbox 224 2383 328 2428; x_wconf 66' lang='lat' dir='ltr'><strong>tuae5</strong></span> <span class='ocrx_word' id='word_1_334' title='bbox 354 2381 398 2416; x_wconf 76' lang='lat' dir='ltr'><strong>in</strong></span> <span class='ocrx_word' id='word_1_335' title='bbox 420 2378 551 2424; x_wconf 61' lang='grc' dir='ltr'><strong>ΓΜ</strong></span> <span class='ocrx_word' id='word_1_336' title='bbox 566 2377 715 2423; x_wconf 65' lang='lat' dir='ltr'><strong>patri-⁹?</strong></span> <span class='ocrx_word' id='word_1_337' title='bbox 742 2379 846 2420; x_wconf 92' lang='grc'><strong>6297)</strong></span> <span class='ocrx_word' id='word_1_338' title='bbox 883 2376 1005 2413; x_wconf 84' lang='grc'><strong>15417.</strong></span> <span class='ocrx_word' id='word_1_339' title='bbox 1042 2378 1131 2412; x_wconf 90' lang='grc'><strong>3796</strong></span> <span class='ocrx_word' id='word_1_340' title='bbox 1142 2383 1171 2411; x_wconf 68' lang='lat' dir='ltr'><strong>a.</strong></span> <span class='ocrx_word' id='word_1_341' title='bbox 1208 2376 1309 2410; x_wconf 88' lang='lat'>5418.</span> <span class='ocrx_word' id='word_1_342' title='bbox 1346 2375 1445 2408; x_wconf 88' lang='grc'><strong>6209.</strong></span> <span class='ocrx_word' id='word_1_343' title='bbox 1486 2373 1586 2407; x_wconf 88' lang='grc'><strong>6290.</strong></span> <span class='ocrx_word' id='word_1_344' title='bbox 1623 2373 1722 2406; x_wconf 87' lang='grc'><strong>6297.</strong></span> <span class='ocrx_word' id='word_1_345' title='bbox 1761 2372 1867 2413; x_wconf 87' lang='grc'><strong>6559;</strong></span> 
     </span>
     <span class='ocr_line' id='line_1_37' title="bbox 221 2432 1048 2480; baseline -0.01 -4"><span class='ocrx_word' id='word_1_346' title='bbox 221 2438 312 2476; x_wconf 79' lang='lat' dir='ltr'><strong>solis</strong></span> <span class='ocrx_word' id='word_1_347' title='bbox 331 2435 558 2474; x_wconf 67' lang='lat' dir='ltr'><strong>mulieribus</strong></span> <span class='ocrx_word' id='word_1_348' title='bbox 571 2434 694 2471; x_wconf 86' lang='lat' dir='ltr'><strong>natali</strong></span> <span class='ocrx_word' id='word_1_349' title='bbox 715 2434 906 2480; x_wconf 76' lang='lat' dir='ltr'><strong>Auyustae</strong></span> <span class='ocrx_word' id='word_1_350' title='bbox 937 2436 1002 2469; x_wconf 86' lang='lat'><strong>154</strong></span> <span class='ocrx_word' id='word_1_351' title='bbox 1015 2432 1048 2460; x_wconf 87' lang='lat'>15</span> 
     </span>
    </p>

    <p class='ocr_par' dir='ltr' id='par_1_13' title="bbox 153 2484 1765 2537">
     <span class='ocr_line' id='line_1_38' title="bbox 153 2484 1765 2537; baseline -0.01 -4"><span class='ocrx_word' id='word_1_352' title='bbox 153 2496 313 2534; x_wconf 81' lang='lat' dir='ltr'><strong>mulsum</strong></span> <span class='ocrx_word' id='word_1_353' title='bbox 335 2491 511 2536; x_wconf 78' lang='lat' dir='ltr'><strong>crustula,</strong></span> <span class='ocrx_word' id='word_1_354' title='bbox 534 2490 731 2537; x_wconf 85' lang='lat' dir='ltr'><strong>municeps,</strong></span> <span class='ocrx_word' id='word_1_355' title='bbox 754 2490 896 2537; x_wconf 83' lang='lat' dir='ltr'><strong>petenti</strong></span> <span class='ocrx_word' id='word_1_356' title='bbox 918 2490 957 2526; x_wconf 88' lang='lat' dir='ltr'><strong>in</strong></span> <span class='ocrx_word' id='word_1_357' title='bbox 980 2492 1121 2526; x_wconf 80' lang='lat' dir='ltr'><strong>sextam</strong></span> <span class='ocrx_word' id='word_1_358' title='bbox 1146 2487 1214 2524; x_wconf 90' lang='lat' dir='ltr'><strong>tibi</strong></span> <span class='ocrx_word' id='word_1_359' title='bbox 1243 2486 1477 2530; x_wconf 73' lang='lat' dir='ltr'><strong>dithidentur</strong></span> <span class='ocrx_word' id='word_1_360' title='bbox 1499 2484 1651 2526; x_wconf 87' lang='lat' dir='ltr'><strong>hora[m]</strong></span> <span class='ocrx_word' id='word_1_361' title='bbox 1676 2485 1765 2518; x_wconf 89' lang='grc'><strong>6270</strong></span> 
     </span>
    </p>

    <p class='ocr_par' dir='ltr' id='par_1_14' title="bbox 155 2538 1869 2770">
     <span class='ocr_line' id='line_1_39' title="bbox 155 2538 1869 2597; baseline -0.01 -7"><span class='ocrx_word' id='word_1_362' title='bbox 155 2553 369 2591; x_wconf 75' lang='lat' dir='ltr'><strong>testamento</strong></span> <span class='ocrx_word' id='word_1_363' title='bbox 385 2548 549 2597; x_wconf 78' lang='lat' dir='ltr'><strong>pecunia</strong></span> <span class='ocrx_word' id='word_1_364' title='bbox 570 2548 698 2584; x_wconf 79' lang='lat' dir='ltr'><strong>relicta</strong></span> <span class='ocrx_word' id='word_1_365' title='bbox 714 2550 830 2591; x_wconf 84' lang='grc'><strong>(6294)</strong></span> <span class='ocrx_word' id='word_1_366' title='bbox 853 2547 908 2583; x_wconf 89' lang='lat' dir='ltr'><strong>vel</strong></span> <span class='ocrx_word' id='word_1_367' title='bbox 924 2545 1086 2593; x_wconf 78' lang='lat' dir='ltr'><strong>praedia</strong></span> <span class='ocrx_word' id='word_1_368' title='bbox 1110 2544 1248 2581; x_wconf 87' lang='lat' dir='ltr'><strong>donata</strong></span> <span class='ocrx_word' id='word_1_369' title='bbox 1265 2545 1382 2587; x_wconf 89' lang='grc'><strong>(6271)</strong></span> <span class='ocrx_word' id='word_1_370' title='bbox 1405 2541 1459 2577; x_wconf 87' lang='lat' dir='ltr'><strong>vel</strong></span> <span class='ocrx_word' id='word_1_371' title='bbox 1481 2540 1631 2586; x_wconf 66' lang='lat' dir='ltr'><strong>vectigal</strong></span> <span class='ocrx_word' id='word_1_372' title='bbox 1655 2538 1869 2575; x_wconf 84' lang='lat' dir='ltr'><strong>institutum</strong></span> 
     </span>
     <span class='ocr_line' id='line_1_40' title="bbox 223 2597 1868 2655; baseline -0.01 -10"><span class='ocrx_word' id='word_1_373' title='bbox 223 2611 352 2655; x_wconf 89' lang='grc'><strong>(5595),</strong></span> <span class='ocrx_word' id='word_1_374' title='bbox 383 2609 428 2644; x_wconf 88' lang='lat' dir='ltr'><strong>ut</strong></span> <span class='ocrx_word' id='word_1_375' title='bbox 446 2604 646 2653; x_wconf 77' lang='lat' dir='ltr'><strong>quotannis</strong></span> <span class='ocrx_word' id='word_1_376' title='bbox 669 2604 777 2641; x_wconf 78' lang='lat' dir='ltr'><strong>certis</strong></span> <span class='ocrx_word' id='word_1_377' title='bbox 800 2603 927 2640; x_wconf 87' lang='lat' dir='ltr'><strong>diebus</strong></span> <span class='ocrx_word' id='word_1_378' title='bbox 952 2602 1084 2647; x_wconf 87' lang='lat' dir='ltr'><strong>(natali</strong></span> <span class='ocrx_word' id='word_1_379' title='bbox 1101 2601 1338 2647; x_wconf 74' lang='lat' dir='ltr'><strong>imperatoris</strong></span> <span class='ocrx_word' id='word_1_380' title='bbox 1361 2601 1466 2641; x_wconf 86' lang='grc'><strong>5595)</strong></span> <span class='ocrx_word' id='word_1_381' title='bbox 1489 2597 1649 2633; x_wconf 78' lang='lat' dir='ltr'><strong>mulsum</strong></span> <span class='ocrx_word' id='word_1_382' title='bbox 1673 2597 1707 2631; x_wconf 87' lang='lat' dir='ltr'><strong>et</strong></span> <span class='ocrx_word' id='word_1_383' title='bbox 1728 2597 1868 2630; x_wconf 81' lang='lat' dir='ltr'><strong>crustu-</strong></span> 
     </span>
     <span class='ocr_line' id='line_1_41' title="bbox 225 2652 1869 2706; baseline -0.01 -4"><span class='ocrx_word' id='word_1_384' title='bbox 225 2666 303 2703; x_wconf 80' lang='lat' dir='ltr'><strong>lum</strong></span> <span class='ocrx_word' id='word_1_385' title='bbox 325 2663 609 2702; x_wconf 70' lang='lat' dir='ltr'><strong>distribueretur</strong></span> <span class='ocrx_word' id='word_1_386' title='bbox 632 2665 733 2698; x_wconf 88' lang='grc'><strong>5595.</strong></span> <span class='ocrx_word' id='word_1_387' title='bbox 758 2663 859 2697; x_wconf 84' lang='grc'><strong>6271.</strong></span> <span class='ocrx_word' id='word_1_388' title='bbox 890 2662 980 2696; x_wconf 89' lang='grc'><strong>6294</strong></span> <span class='ocrx_word' id='word_1_389' title='bbox 1011 2660 1056 2706; x_wconf 78' lang='lat' dir='ltr'><strong>ef.</strong></span> <span class='ocrx_word' id='word_1_390' title='bbox 1082 2661 1191 2703; x_wconf 84' lang='grc' dir='ltr'><strong>627ος</strong></span> <span class='ocrx_word' id='word_1_391' title='bbox 1226 2656 1361 2694; x_wconf 79' lang='lat' dir='ltr'><strong>similis</strong></span> <span class='ocrx_word' id='word_1_392' title='bbox 1385 2653 1593 2691; x_wconf 79' lang='lat' dir='ltr'><strong>distributio</strong></span> <span class='ocrx_word' id='word_1_393' title='bbox 1620 2653 1662 2688; x_wconf 84' lang='lat' dir='ltr'><strong>in</strong></span> <span class='ocrx_word' id='word_1_394' title='bbox 1678 2652 1869 2698; x_wconf 79' lang='lat' dir='ltr'><strong>posterum</strong></span> 
     </span>
     <span class='ocr_line' id='line_1_42' title="bbox 215 2719 542 2770; baseline -0.015 -10"><span class='ocrx_word' id='word_1_395' title='bbox 215 2721 405 2770; x_wconf 76' lang='lat' dir='ltr'><strong>promissa</strong></span> <span class='ocrx_word' id='word_1_396' title='bbox 430 2723 495 2756; x_wconf 91' lang='grc'><strong>154</strong></span> <span class='ocrx_word' id='word_1_397' title='bbox 508 2719 542 2747; x_wconf 82' lang='grc'><strong>19</strong></span> 
     </span>
    </p>

    <p class='ocr_par' dir='ltr' id='par_1_15' title="bbox 95 2763 1868 2821">
     <span class='ocr_line' id='line_1_43' title="bbox 95 2763 1868 2821; baseline -0.011 -3"><span class='ocrx_word' id='word_1_398' title='bbox 95 2788 103 2795; x_wconf 86' lang='grc'><em>“</em></span> <span class='ocrx_word' id='word_1_399' title='bbox 154 2778 367 2818; x_wconf 55' lang='lat' dir='ltr'><strong>distributio</strong></span> <span class='ocrx_word' id='word_1_400' title='bbox 389 2776 502 2814; x_wconf 77' lang='lat' dir='ltr'><strong>mulsi</strong></span> <span class='ocrx_word' id='word_1_401' title='bbox 525 2779 561 2813; x_wconf 83' lang='lat' dir='ltr'><strong>et</strong></span> <span class='ocrx_word' id='word_1_402' title='bbox 581 2775 739 2812; x_wconf 75' lang='lat' dir='ltr'><strong>eru-stuli</strong></span> <span class='ocrx_word' id='word_1_403' title='bbox 761 2775 953 2821; x_wconf 82' lang='lat' dir='ltr'><strong>tripartita</strong></span> <span class='ocrx_word' id='word_1_404' title='bbox 960 2784 974 2820; x_wconf 92' lang='lat'><em>;</em></span> <span class='ocrx_word' id='word_1_405' title='bbox 1011 2772 1188 2816; x_wconf 64' lang='grc' dir='ltr'><strong>(ει-11811116)</strong></span> <span class='ocrx_word' id='word_1_406' title='bbox 1212 2770 1359 2817; x_wconf 87' lang='lat' dir='ltr'><strong>p(0ndo)</strong></span> <span class='ocrx_word' id='word_1_407' title='bbox 1384 2769 1416 2813; x_wconf 90' lang='grc' dir='ltr'><strong>Ι,</strong></span> <span class='ocrx_word' id='word_1_408' title='bbox 1454 2767 1564 2804; x_wconf 88' lang='lat' dir='ltr'><strong>mulsi</strong></span> <span class='ocrx_word' id='word_1_409' title='bbox 1587 2765 1759 2808; x_wconf 87' lang='lat' dir='ltr'><strong>hemin(a)</strong></span> <span class='ocrx_word' id='word_1_410' title='bbox 1793 2763 1868 2800; x_wconf 80' lang='lat' dir='ltr'><strong>sin-</strong></span> 
     </span>
    </p>

    <p class='ocr_par' dir='ltr' id='par_1_16' title="bbox 222 2831 1146 2885">
     <span class='ocr_line' id='line_1_44' title="bbox 222 2831 1146 2885; baseline -0.01 -11"><span class='ocrx_word' id='word_1_411' title='bbox 222 2836 322 2885; x_wconf 63' lang='lat' dir='ltr'><strong>aulis</strong></span> <span class='ocrx_word' id='word_1_412' title='bbox 338 2833 598 2882; x_wconf 68' lang='lat' dir='ltr'><strong>praesentibus</strong></span> <span class='ocrx_word' id='word_1_413' title='bbox 622 2844 666 2868; x_wconf 73' lang='lat' dir='ltr'><strong>eze</strong></span> <span class='ocrx_word' id='word_1_414' title='bbox 683 2831 825 2878; x_wconf 78' lang='lat' dir='ltr'><strong>populo</strong></span> <span class='ocrx_word' id='word_1_415' title='bbox 841 2831 1029 2877; x_wconf 77' lang='lat' dir='ltr'><strong>promissa</strong></span> <span class='ocrx_word' id='word_1_416' title='bbox 1058 2832 1146 2866; x_wconf 91' lang='grc'><strong>6271</strong></span> 
     </span>
    </p>
   </div>
   <div class='ocr_carea' id='block_1_5' title="bbox 154 2922 1867 3147">
    <p class='ocr_par' dir='ltr' id='par_1_17' title="bbox 154 2922 1867 3043">
     <span class='ocr_line' id='line_1_45' title="bbox 154 2922 1867 2987; baseline -0.011 -11"><span class='ocrx_word' id='word_1_417' title='bbox 154 2941 312 2987; x_wconf 69' lang='lat' dir='ltr'><strong>panoem)</strong></span> <span class='ocrx_word' id='word_1_418' title='bbox 335 2942 376 2975; x_wconf 85' lang='lat' dir='ltr'><strong>et</strong></span> <span class='ocrx_word' id='word_1_419' title='bbox 398 2937 550 2980; x_wconf 85' lang='lat' dir='ltr'><strong>vin(um)</strong></span> <span class='ocrx_word' id='word_1_420' title='bbox 573 2939 613 2972; x_wconf 85' lang='lat' dir='ltr'><strong>et</strong></span> <span class='ocrx_word' id='word_1_421' title='bbox 635 2935 777 2972; x_wconf 83' lang='lat' dir='ltr'><strong>caldam</strong></span> <span class='ocrx_word' id='word_1_422' title='bbox 800 2932 944 2980; x_wconf 86' lang='lat' dir='ltr'><strong>passive</strong></span> <span class='ocrx_word' id='word_1_423' title='bbox 967 2933 1144 2979; x_wconf 76' lang='lat' dir='ltr'><strong>praestari</strong></span> <span class='ocrx_word' id='word_1_424' title='bbox 1168 2929 1307 2976; x_wconf 85' lang='lat' dir='ltr'><strong>placuit</strong></span> <span class='ocrx_word' id='word_1_425' title='bbox 1328 2928 1470 2974; x_wconf 75' lang='lat' dir='ltr'><strong>colleqis</strong></span> <span class='ocrx_word' id='word_1_426' title='bbox 1494 2926 1555 2971; x_wconf 90' lang='lat' dir='ltr'><strong>qui</strong></span> <span class='ocrx_word' id='word_1_427' title='bbox 1572 2925 1617 2961; x_wconf 84' lang='lat' dir='ltr'><strong>ad</strong></span> <span class='ocrx_word' id='word_1_428' title='bbox 1633 2922 1867 2967; x_wconf 81' lang='lat' dir='ltr'><strong>tetrastylum</strong></span> 
     </span>
     <span class='ocr_line' id='line_1_46' title="bbox 224 2990 860 3043; baseline -0.013 -9"><span class='ocrx_word' id='word_1_429' title='bbox 224 2995 367 3043; x_wconf 80' lang='lat' dir='ltr'><strong>epulati</strong></span> <span class='ocrx_word' id='word_1_430' title='bbox 388 2994 529 3031; x_wconf 80' lang='lat' dir='ltr'><strong>fuerint</strong></span> <span class='ocrx_word' id='word_1_431' title='bbox 554 2996 641 3030; x_wconf 88' lang='grc'><strong>7214</strong></span> <span class='ocrx_word' id='word_1_432' title='bbox 655 2992 697 3021; x_wconf 90' lang='grc'><strong>11-</strong></span> <span class='ocrx_word' id='word_1_433' title='bbox 711 2991 753 3020; x_wconf 85' lang='grc'><strong>13-</strong></span> <span class='ocrx_word' id='word_1_434' title='bbox 769 2990 860 3020; x_wconf 76' lang='lat'>15-16</span> 
     </span>
    </p>

    <p class='ocr_par' dir='ltr' id='par_1_18' title="bbox 155 3037 1866 3147">
     <span class='ocr_line' id='line_1_47' title="bbox 155 3037 1866 3100; baseline -0.012 -9"><span class='ocrx_word' id='word_1_435' title='bbox 155 3051 262 3100; x_wconf 73' lang='lat' dir='ltr'><strong>panis</strong></span> <span class='ocrx_word' id='word_1_436' title='bbox 285 3055 326 3089; x_wconf 87' lang='lat' dir='ltr'><strong>et</strong></span> <span class='ocrx_word' id='word_1_437' title='bbox 347 3051 475 3089; x_wconf 81' lang='lat' dir='ltr'><strong>vinum</strong></span> <span class='ocrx_word' id='word_1_438' title='bbox 498 3051 681 3087; x_wconf 83' lang='lat' dir='ltr'><strong>adiectum</strong></span> <span class='ocrx_word' id='word_1_439' title='bbox 704 3048 758 3086; x_wconf 87' lang='lat' dir='ltr'><strong>vel</strong></span> <span class='ocrx_word' id='word_1_440' title='bbox 781 3047 887 3094; x_wconf 80' lang='lat' dir='ltr'><strong>epulo</strong></span> <span class='ocrx_word' id='word_1_441' title='bbox 911 3046 998 3083; x_wconf 88' lang='lat' dir='ltr'><strong>dato</strong></span> <span class='ocrx_word' id='word_1_442' title='bbox 1021 3045 1075 3082; x_wconf 83' lang='lat' dir='ltr'><strong>vel</strong></span> <span class='ocrx_word' id='word_1_443' title='bbox 1095 3042 1350 3081; x_wconf 69' lang='lat' dir='ltr'><strong>distributioni</strong></span> <span class='ocrx_word' id='word_1_444' title='bbox 1371 3040 1624 3087; x_wconf 74' lang='lat' dir='ltr'><strong>sportularum</strong></span> <span class='ocrx_word' id='word_1_445' title='bbox 1649 3039 1749 3073; x_wconf 89' lang='grc'><strong>2650.</strong></span> <span class='ocrx_word' id='word_1_446' title='bbox 1767 3037 1866 3072; x_wconf 88' lang='grc'><strong>3082.</strong></span> 
     </span>
     <span class='ocr_line' id='line_1_48' title="bbox 223 3100 1412 3147; baseline -0.011 0"><span class='ocrx_word' id='word_1_447' title='bbox 223 3112 327 3147; x_wconf 77' lang='grc'><strong>4174.</strong></span> <span class='ocrx_word' id='word_1_448' title='bbox 351 3110 453 3145; x_wconf 89' lang='grc'><strong>6268.</strong></span> <span class='ocrx_word' id='word_1_449' title='bbox 484 3110 585 3144; x_wconf 88' lang='grc'><strong>6595.</strong></span> <span class='ocrx_word' id='word_1_450' title='bbox 610 3109 711 3143; x_wconf 87' lang='grc'><strong>6632.</strong></span> <span class='ocrx_word' id='word_1_451' title='bbox 736 3109 837 3142; x_wconf 88' lang='grc'><strong>6645.</strong></span> <span class='ocrx_word' id='word_1_452' title='bbox 862 3107 963 3141; x_wconf 89' lang='grc'><strong>6654.</strong></span> <span class='ocrx_word' id='word_1_453' title='bbox 987 3100 1299 3140; x_wconf 79' lang='lat'>72131213.15.16.</span> <span class='ocrx_word' id='word_1_454' title='bbox 1322 3101 1412 3135; x_wconf 82' lang='grc'><strong>7364</strong></span> 
     </span>
    </p>
   </div>
  </div>
 </body>
</html>
