2170 3458
360 271 482 308 XXIV
988 266 1178 303 Addenda.
1226 265 1345 310 Caput
1368 264 1419 299 Π.

475 381 585 427 8937
634 381 785 425 virtute
814 379 972 424 domini
1001 378 1130 423 nostri
1151 377 1408 423 Constantini
1439 373 1615 419 maximi
1643 373 1704 431 pii
1732 372 1966 419 felicissimi
1990 374 2054 418 in-

363 450 463 495 victi
492 448 672 505 Augusti
701 447 934 504 suppressis
965 445 1215 521 domitisque
1245 443 1430 499 Francis,
1467 441 1512 486 in
1542 456 1687 486 eorum
1716 443 1836 486 terris
1873 446 2055 487 castrum

364 517 643 562 Divitensium
683 517 761 560 sub
791 514 1025 571 praesentia
1055 512 1253 570 principis
1291 511 1358 556 sui
1387 509 1528 555 devoti
1564 508 1729 554 numini
1766 507 2056 566 maiestatique

364 582 681 639 *duodeviginti
711 583 816 627 haec
844 587 943 626 vota
970 580 1188 625 fecerunt¹.

475 650 525 686 In
548 652 664 686 castro
691 649 882 693 Tuitiensi,
907 650 932 684 i.
950 660 977 684 e.
1001 648 1122 684 Deutz
1151 647 1284 693 (XIII
1306 648 1410 682 8502
1439 645 1596 682 servavit
1617 644 1806 690 Rupertus
1832 643 1948 681 abbas
1973 643 2058 680 Qui-

364 708 497 752 tiensis,
523 719 567 743 eoe
582 706 683 742 mlius
701 717 804 751 opere
827 706 947 750 aliquo
970 716 1035 740 ms.
1059 706 1243 749 sumptam
1266 703 1516 739 edid.a.1571
1541 701 1674 738 Surius
1695 702 1739 738 de
1754 700 1926 747 probatis
1943 702 2058 737 sanct.

364 764 509 808 histor.;
543 762 742 798 vindicavit
762 761 1030 797 Domaszewski
1053 772 1144 796 mus.
1168 760 1285 796 Rhen.
1311 760 1369 803 59,
1398 760 1499 794 1904
1528 769 1563 805 p.
1587 759 1695 803 470).
1729 778 1775 784 —-
1814 760 1847 801 1)
1869 756 2060 797 Postrema

364 822 535 865 corrupta
551 830 623 855 esse
639 820 812 863 apparet;
827 818 940 864 fuisse
956 816 1275 853 duoetvicesimani
1293 817 1356 862 (sc.
1369 815 1502 851 milites
1519 815 1667 861 legionis
1681 813 1869 850 vicesimae
1883 813 2061 868 sequendae

363 875 619 922 Primiyeniae,
651 875 755 910 cuius
779 873 928 920 leyionis
944 875 1138 918 praeterea
1162 873 1266 909 nulla
1289 871 1424 908 mentio
1441 873 1531 917 post
1550 882 1719 908 nummos
1743 869 1933 916 Oarausii)
1956 890 2002 896 —-
2025 869 2059 905 X

363 936 450 968 vota
471 933 540 967 XX
563 952 607 957 —
630 931 793 966 fecerunt
821 930 969 965 coniecit
989 929 1098 965 Dom.

483 1043 596 1088 8938
655 1045 871 1088 Romanae
910 1043 1142 1088 securitatis
1180 1043 1422 1098 libertatisq.
1462 1041 1703 1086 vindicibus
1743 1043 1748 1095 Ι
1790 1040 1860 1085 dd.
1891 1053 1962 1099 nn.
1993 1037 2059 1082 Fl.

365 1113 457 1156 Val.
490 1111 760 1156 Constantino
791 1117 830 1155 et
860 1110 971 1168 V[al.
1002 1111 1244 1155 Isieiniano
1275 1108 1490 1168 I'sieinio]¹
1526 1109 1614 1154 Piis
1643 1107 1854 1154 Felicibus
1881 1107 2062 1152 aeternis

366 1181 520 1235 Augg.‚
554 1181 560 1232 Ι
593 1193 770 1234 quorum
802 1181 954 1223 virtute
983 1184 1023 1223 et
1050 1179 1314 1236 providentia
1342 1177 1535 1223 edomitis
1561 1176 1567 1234 Ι
1601 1176 1760 1233 ubique
1786 1176 2060 1222 barbararum
2135 1208 2141 1212 .

366 1247 550 1303 gentium
581 1245 748 1302 populis
782 1246 788 1301 Ι
823 1246 879 1290 ad
910 1247 1244 1292 confirmandam
1273 1245 1418 1290 limitis
1448 1246 1619 1290 tutelam
1650 1245 1774 1289 etiam
1809 1243 1816 1300 Ι
1849 1243 2062 1299 Tropeen-

366 1314 475 1358 sium
506 1313 654 1358 civitas
682 1313 899 1369 auspicato
929 1329 956 1358 a
984 1313 1272 1358 fundamentis
1298 1315 1303 1369 Ι
1329 1313 1503 1357 feliciter
1537 1326 1663 1369 opere
1692 1315 1930 1356 constructa
1957 1314 2028 1364 est,
2055 1309 2062 1366 Ι

366 1383 473 1425 Petr.
504 1381 725 1426 Annianus
762 1396 803 1424 v.
835 1396 870 1426 c.
910 1386 949 1425 et
977 1383 1057 1425 Iul.
1097 1380 1289 1426 Iulianus
1327 1396 1367 1425 v.
1400 1396 1478 1425 em.
1510 1379 1658 1436 praefi.
1688 1381 1861 1436 praet.‚2
1897 1377 2062 1422 numini

367 1464 510 1494 eorum
541 1462 705 1502 semper
733 1448 990 1493 dicatissimi.

480 1515 705 1552 Adamklissi
727 1516 769 1551 in
791 1515 934 1562 reyione
956 1515 1210 1560 Dobrudscha,
1236 1515 1300 1551 ubi
1323 1515 1400 1562 fuit
1422 1514 1549 1551 civitas
1576 1514 1779 1559 Tropaeum
1805 1512 1961 1550 Traiani
1975 1523 2064 1559 pro-

367 1572 505 1608 vinciae
528 1571 689 1607 Moesiae
713 1571 901 1617 inferioris
925 1571 1020 1616 (HI
1036 1573 1073 1608 S.
1090 1573 1211 1607 13734
1229 1590 1269 1602 =
1292 1571 1469 1607 Tocilescu
1492 1571 1588 1607 arch.
1613 1581 1666 1617 ep.
1690 1570 1814 1606 Mitth.
1837 1570 1887 1606 17
1904 1579 1940 1616 Ρ.
1956 1570 2064 1615 190).

366 1648 411 1654 —
438 1631 469 1671 1)
492 1627 631 1663 Licinii
659 1638 790 1663 nomen
814 1639 967 1663 erasum.
1003 1648 1047 1653 —-
1083 1629 1122 1673 2)
1144 1628 1356 1664 Eorundem
1378 1627 1651 1672 praefectorum
1680 1626 1837 1672 epistula
1865 1627 1968 1662 extat
1996 1625 2064 1671 (ad
2142 1662 2147 1667 ,

370 1683 544 1730 Optatum
568 1683 650 1719 Mil.
674 1685 749 1720 cod.
772 1684 894 1720 Paris.
917 1685 1024 1728 1711;
1051 1685 1103 1720 ed.
1127 1686 1210 1730 post
1231 1684 1324 1720 alios
1346 1684 1468 1719 Ziwsa
1492 1684 1542 1720 ad
1567 1683 1743 1729 Optatam
1765 1682 1890 1719 Milev.
1913 1692 1950 1729 Ρ.
1965 1683 2061 1728 212),

368 1740 457 1776 data
480 1740 530 1776 ad
552 1740 759 1776 Domitium
781 1740 922 1776 Celsum
945 1741 1122 1776 vicarium
1141 1741 1293 1786 Africae
1318 1752 1351 1776 a.
1365 1741 1437 1775 315
1457 1742 1501 1775 ut
1521 1740 1664 1776 videtur
1687 1738 1896 1785 (Duchesne
1917 1738 2004 1774 me'l.
2020 1738 2064 1774 de

368 1797 483 1833 l’e'cole
500 1797 549 1842 fr.
568 1797 610 1832 de
626 1796 740 1832 Rome
764 1796 804 1831 X
824 1807 860 1842 p.
879 1798 961 1832 594.
982 1798 1065 1832 607.
1086 1798 1176 1841 629;
1199 1797 1311 1832 Pallu
1328 1797 1371 1832 de
1385 1796 1532 1832 Lessert
1551 1796 1667 1841 fastes
1689 1796 1752 1832 des
1766 1806 1874 1841 prov.
1893 1794 2001 1840 afric.
2015 1795 2070 1831 II

367 1854 507 1899 p.171).
550 1853 708 1888 Titulum
718 1853 883 1898 positum
898 1864 970 1888 esse
985 1855 1069 1888 ante
1085 1865 1119 1889 a.
1130 1854 1202 1889 317
1214 1852 1329 1888 etiam
1341 1863 1385 1888 eoe
1400 1863 1438 1888 eo
1454 1852 1692 1899 manifestum
1707 1854 1767 1898 est,
1784 1851 1880 1898 quod
1894 1851 2066 1888 Caesares

368 1920 406 1944 eo
423 1920 520 1944 anno
536 1908 647 1944 creati
662 1919 737 1944 non
752 1912 1010 1945 memorantur.
1053 1909 1230 1946 Videntur
1244 1909 1283 1944 hi
1297 1909 1471 1955 praefecti
1494 1909 1676 1945 communi
1690 1911 1781 1945 certe
1793 1907 1940 1944 nomine
1958 1918 2064 1954 prae-

366 1966 544 2010 fecturam
559 1965 880 2008 administravisoe,
906 1977 1124 2010 quamquam
1139 1977 1178 2001 re
1195 1977 1278 2000 vera
1293 1965 1372 2001 sine
1387 1965 1496 2001 dubio
1512 1965 1605 2001 alter
1621 1963 1866 2009 Constantini,
1892 1963 1986 2000 alter
1999 1963 2064 1999 Li-

367 2022 454 2057 cinii
469 2022 679 2067 praefectus
701 2022 824 2067 fuerit.
875 2022 930 2067 Cf.
955 2021 1124 2058 Momms.
1148 2022 1277 2057 Herm.
1295 2022 1356 2064 36,
1380 2022 1477 2057 1901
1492 2032 1527 2067 Ρ,
1545 2022 1626 2057 204
1642 2038 1685 2050 ==
1706 2020 1788 2057 Ges.
1806 2020 1906 2057 Schr.
1926 2021 1957 2067 6,
1973 2021 2063 2057 287.

479 2133 593 2178 8939
641 2134 774 2178 Licini
803 2137 1004 2192 Auguste,
1033 2149 1197 2191 semper
1226 2135 1394 2179 vincas!
1429 2145 1581 2190 (litteris
1603 2144 1807 2180 minoribus
1827 2144 2063 2191 impressum)

367 2201 522 2254 Naliss.
554 2213 622 2257 (In
644 2212 765 2248 media
787 2215 916 2259 patera
939 2213 1034 2249 inter
1056 2225 1180 2250 ramos
1203 2213 1337 2258 olivae)
1367 2203 1428 2247 Sic
1457 2203 1519 2259 X,
1552 2201 1614 2246 Sic
1643 2202 1745 2245 XX.

482 2280 611 2316 Naissi
633 2291 707 2326 rep.
732 2292 765 2316 a.
781 2282 888 2326 1901,
905 2284 1059 2326 paterae
1081 2283 1175 2317 duae
1198 2284 1396 2328 arycnteae,
1419 2281 1497 2317 iam
1512 2280 1676 2327 Belyrad
1698 2280 1738 2316 in
1759 2291 1881 2317 museo
1905 2280 2068 2333 (Vassits

368 2337 490 2373 Revue
513 2336 661 2373 arche'ol.
685 2348 750 2373 ser.
768 2339 792 2372 4
817 2339 840 2372 t.
855 2339 885 2382 1,
911 2339 1013 2373 1903
1034 2349 1070 2384 p.
1087 2340 1149 2373 26.
1167 2339 1221 2373 27
1240 2348 1320 2373 cum
1343 2337 1531 2383 imagine).

482 2448 595 2494 8940
643 2450 710 2494 dei
739 2450 872 2495 sancti
902 2452 1012 2496 Solis
1039 2454 1044 2505 Ι
1071 2451 1342 2496 simulacrum
1373 2465 1553 2496 consecr.
1579 2453 1586 2505 Ι
1613 2449 1682 2495 die
1708 2451 1847 2495 XIIII
1877 2451 1962 2496 kal.
1984 2451 2066 2496 De-

369 2531 485 2572 cem„
525 2519 530 2570 Ι
571 2517 703 2561 debet.
735 2517 912 2574 singulis
949 2519 1070 2563 annis
1110 2519 1116 2571 Ι
1156 2518 1271 2564 iusso
1302 2533 1421 2564 sacro
1462 2519 1531 2562 dd.
1562 2533 1631 2563 nn.
1674 2518 1680 2576 Ι
1721 2517 1857 2562 Licini
1886 2519 1998 2575 Aug.
2025 2525 2067 2564 et

370 2583 505 2628 Licini
534 2584 668 2629 Caes.¹
709 2588 715 2638 Ι
755 2590 846 2629 ture
875 2587 1004 2631 cereis
1034 2592 1074 2631 et
1102 2586 1428 2644 profulsionibus
1467 2587 1613 2631 eodem
1645 2586 1714 2631 die
1753 2585 1759 2643 Ι
1797 2600 1825 2631 a
1853 2599 1996 2643 praep.
2026 2591 2067 2631 et

369 2651 551 2695 vexillat.
579 2654 586 2704 Ι
619 2651 662 2694 in
692 2657 791 2696 cast.
823 2653 1138 2698 Salsoviensib.²
1172 2657 1178 2708 Ι
1211 2654 1392 2710 agentib.
1424 2653 1598 2699 exorari.
1625 2655 1632 2708 Ι
1657 2654 1753 2698 Val.
1782 2654 1990 2698 Romulus
2022 2669 2064 2698 v.

369 2734 410 2775 p.
443 2719 553 2762 dux³
583 2721 589 2772 Ι
615 2725 782 2763 secutus
811 2718 1041 2764 iussionem
1068 2724 1074 2775 Ι
1102 2722 1328 2766 describsit.

471 2786 521 2821 In
543 2786 618 2821 vico
641 2785 899 2822 Dobrudschae
922 2787 1150 2834 Mahmudia,
1176 2788 1241 2824 ubi
1265 2788 1470 2824 Salsoviam
1493 2788 1610 2833 fuisse
1633 2799 1677 2824 ex
1699 2787 1763 2824 hoc
1787 2787 1890 2826 titulo
1913 2790 2069 2834 apparet

369 2853 444 2887 rep.
470 2841 637 2887 (Parvan
664 2841 874 2877 Convorbiri
897 2842 1043 2879 literare
1066 2845 1126 2888 40,
1151 2845 1254 2879 1906
1282 2854 1317 2888 p.
1341 2845 1465 2888 1023,·
1499 2844 1577 2879 vidi
1600 2845 1796 2890 ectypwm).
1831 2864 1876 2871 —
1913 2844 1946 2888 1)
1967 2843 2067 2882 Nota

369 2897 510 2934 nullam
539 2897 754 2934 mentionem
783 2898 864 2942 fieri
894 2899 1125 2935 Constantini
1152 2900 1389 2945 filiorumque.
1443 2900 1585 2936 Titulus
1618 2900 1763 2936 videtur
1795 2901 1946 2939 eoetremi
1978 2903 2066 2938 toiri-

363 2953 471 2998 poris
486 2953 631 2998 Licinii,
656 2966 724 2998 quo
748 2955 935 2991 eoncordia
957 2955 1053 2990 inter
1075 2967 1156 2991 eum
1179 2958 1213 2991 et
1230 2955 1510 2992 Constantinum
1535 2956 1692 2992 desierat
1715 2958 1751 2992 et
1771 2957 1850 3003 ipse
1871 2957 2068 2995 numinum

370 3009 484 3046 cultui
504 3010 628 3056 favere
650 3010 868 3046 credebatur.
889 3031 933 3036 —
958 3014 992 3054 2)
1017 3010 1184 3047 Salsovia
1207 3014 1430 3047 memoratur
1452 3012 1493 3047 in
1515 3012 1718 3048 itinerariis
1741 3013 1799 3058 (it.
1815 3014 1902 3050 Ant.
1922 3024 1959 3060 Ρ.
1974 3015 2064 3060 226,

372 3066 444 3103 tab.
459 3066 572 3111 Peut.‚
603 3066 728 3113 Geoyr.
747 3067 841 3103 Rav.
864 3078 901 3113 p.
919 3069 999 3112 178,
1018 3068 1082 3112 14)
1108 3070 1143 3103 et
1163 3067 1205 3103 in
1219 3068 1364 3104 Notitia
1388 3068 1610 3114 diynitatum
1635 3070 1704 3114 (or.
1730 3080 1757 3105 c.
1774 3070 1833 3112 35,
1856 3069 1923 3105 sub
1947 3069 2068 3116 dispo-

370 3122 499 3159 sitione
523 3122 624 3158 dueis
648 3122 845 3169 Scythiae).
869 3143 913 3149 —
937 3126 971 3165 3)
997 3123 1140 3159 Scilicet
1156 3123 1366 3168 provinciae
1390 3124 1567 3170 Scythiae.

1917 3193 2053 3201 —d-
