2170 3458
397 249 503 285 LXII
1023 246 1206 283 Addenda.
1253 246 1372 291 Caput
1394 244 1460 280 lx.

397 363 514 408 2302,
539 372 610 407 per
625 363 898 407 procuratorem
921 359 1079 406 Auqusti
1101 358 1313 404 provinciae
1335 355 1545 402 praesidem
1567 355 1614 392 N.
1641 356 1754 399 9056,
1776 367 1849 402 per
1871 344 2096 404 passm
2142 356 2154 394 s

398 418 555 464 Aeqypti
565 417 613 454 N.
623 419 737 453 9060.
746 437 791 443 -
803 419 860 460 26)
872 416 992 452 Homo
1000 417 1166 462 iynotus,·
1178 415 1299 460 ipsum
1307 412 1530 449 Hermetidii
1540 422 1671 448 nomen
1675 423 1797 457 paene
1807 412 2021 451 inauditum
2030 413 2096 459 (σω
2154 431 2168 466 Ii

397 474 544 519 familia
560 474 636 510 eius
651 475 744 519 puto
761 473 864 509 Sexti
879 471 1126 508 Hermentidii
1149 470 1207 507 VI
1218 470 1372 514 35449).
1400 488 1445 494 —
1468 471 1526 510 27)
1548 469 1613 504 28.
1630 468 1717 506 Dec.
1736 469 1796 505 93.
1819 489 1864 496 -
1886 471 1944 514 28)
1967 469 2015 506 A.
2032 469 2094 506 68.
2153 475 2168 514 γ’

397 551 442 556 -
466 533 522 574 29)
545 530 675 566 Fasces
695 531 883 576 ⁸cesserunt
905 531 1054 564 exeunte
1077 538 1195 563 mense
1210 526 1300 571 Apr.
1316 525 1407 561 anni
1426 526 1474 560 69
1491 526 1625 570 (supra
1639 524 1688 562 N.
1704 526 1778 562 241
1792 537 1825 563 v.
1846 525 1919 572 81).
1959 524 2095 565 contra
2136 535 2159 579 3:

396 587 690 624 consuetudinem
723 586 909 622 consulum
942 584 1173 629 suffectorum
1209 581 1418 618 nominibus
1452 592 1573 617 annus
1603 581 1825 646 desiynatur,
1857 593 1984 620 eorum
2013 594 2095 622 oon-
2143 607 2152 633 »,

397 643 518 679 sulum
545 643 607 688 qui
635 653 774 678 annum
803 641 1071 684 inchoaverant,
1106 638 1243 676 Galbae
1267 640 1303 674 et
1331 637 1432 674 Vinii
1463 637 1569 682 (item
1592 649 1731 684 eorum,
1758 638 1822 685 qui
1842 639 1955 678 secuti
1976 644 2094 684 aaut,
2153 635 2170 688 ῥ’

401 698 552 736 Othonis
582 702 617 735 et
646 698 796 744 fratris)
835 696 1008 733 memoria
1036 695 1156 731 invisa
1186 698 1221 732 et
1248 705 1451 740 suppressa.
1496 693 1631 730 Othoni
1652 697 1689 732 et
1709 694 1825 740 fratri
1852 700 2095 735 mmmt

404 755 593 801 Verginius
615 754 741 800 Rufus
765 757 800 790 et
821 753 1015 797 Pompeius
1045 751 1215 796 Vopiscus
1242 753 1374 797 (supra
1396 750 1444 787 N.
1468 751 1538 786 241
1562 762 1593 787 v.
1621 752 1698 798 63),
1732 762 1886 797 quorum
1918 754 2095 791 memoria
2150 749 2170 796 ἦ

396 812 522 848 illaesa
545 814 748 855 manserat;
781 821 877 846 anno
909 812 1029 845 tamen
1058 808 1100 843 in
1119 811 1305 854 posterum
1329 807 1562 854 designando,
1595 818 1669 844 non
1691 808 1731 845 hi
1753 808 1867 854 electi,
1902 809 2032 847 saltem
2053 810 2095 847 in
2154 802 2162 849 ῗ

398 868 562 911 exercitu,
595 867 657 903 sed
680 878 802 903 eorum
824 876 1044 909 successores,
1070 865 1224 911 fortasse
1249 864 1344 910 quod
1366 864 1460 900 alter
1483 875 1614 909 eorum,
1645 864 1682 901 T.
1706 863 1862 902 Flavius
1884 865 2092 913 (Schmun),
2156 901 2163 917 ,μ

389 924 578 969 parentela
613 923 821 959 coniunctus
856 925 935 958 erat
964 932 1046 957 cum
1078 921 1183 957 domo
1212 919 1448 966 imperatoria
1476 920 1704 957 Flaviorwm.
1755 920 1918 959 Getarum
1940 918 2096 969 afflet

397 980 506 1016 etiam
522 979 735 1015 Flaviorum
759 978 978 1023 temporibus
1001 977 1135 1013 milites
1152 977 1366 1023 leyionarios
1382 977 1535 1013 alternis
1551 980 1696 1014 tantum
1714 978 1824 1015 armus
1838 977 2008 1016 dimissos
2022 989 2095 1016 esse

397 1036 461 1080 (cf.
486 1046 601 1081 supra
629 1035 676 1071 N.
700 1036 819 1070 2300.
849 1036 968 1071 2302.
995 1035 1132 1079 2303).
1179 1033 1319 1070 Milites
1357 1033 1573 1079 legionarios
1605 1034 1817 1080 plerwmque
1843 1037 1934 1080 post
1962 1035 2095 1083 viqinti
2160 1047 2167 1085 g

394 1091 548 1136 quinque
572 1092 715 1127 demum
744 1091 929 1137 stipendia
952 1091 1120 1127 dimissos
1143 1101 1216 1126 esse
1248 1093 1374 1127 notum
1398 1092 1452 1126 est
1474 1091 1608 1136 (supra
1630 1091 1678 1127 N.
1702 1092 1816 1128 2245.
1839 1092 1953 1128 2253.
1977 1093 2092 1130 2267.

394 1149 510 1183 2303.
527 1148 661 1192 2304).
685 1168 730 1173 —
754 1151 810 1189 30)
833 1147 919 1183 Nisi
933 1147 1054 1192 fallor,
1089 1147 1254 1183 Valerius
1273 1146 1485 1192 Quadratus
1508 1158 1532 1183 a
1552 1147 1735 1193 praefecto
1751 1147 1910 1195 Aeqypti
1922 1149 2093 1195 petierat,
2160 1158 2162 1170 ¹

394 1206 437 1239 ut
457 1204 528 1239 sibi
552 1203 671 1239 liceret
693 1204 982 1240 constitutionem
1007 1204 1212 1239 describere.
1250 1223 1290 1228 —
1331 1205 1387 1245 31)
1424 1202 1496 1239 Vix
1518 1203 1681 1240 diversus
1703 1203 1757 1241 M.
1781 1204 1932 1242 Mettium
1954 1204 2088 1253 Rufius,
2126 1175 2170 1221 ὦ

396 1271 497 1305 quem
521 1261 684 1306 Aegypto
706 1260 910 1305 praefuisse
934 1272 967 1296 a.
990 1261 1108 1305 89l90
1134 1260 1334 1295 docuerunt
1349 1259 1491 1306 papyri
1518 1260 1751 1307 Oxyrhyrwh.
1767 1271 1805 1296 n.
1825 1261 1878 1297 72.
1892 1262 1980 1309 237,
1999 1263 2032 1308 8,
2046 1265 2094 1300 21

396 1317 480 1361 (υοῐ.
504 1316 533 1351 Ι
545 1328 585 1361 p.
602 1318 680 1360 135,
706 1317 773 1352 vol.
797 1317 850 1352 II
861 1329 903 1362 p.
918 1318 1000 1352 163.
1026 1317 1125 1361 164),
1156 1317 1267 1362 pleno
1290 1315 1434 1352 nomine
1463 1317 1582 1352 dictus
1603 1316 1657 1352 M.
1681 1317 1818 1353 Iunius
1840 1317 1994 1355 Mettius
2015 1318 2094 1356 Ru-

394 1373 464 1417 fus,
491 1374 592 1409 cuius
614 1374 773 1409 nominis
796 1374 975 1410 consulem
1000 1374 1156 1418 aliquem
1179 1373 1373 1409 habuimus
1395 1384 1512 1418 supra
1534 1372 1582 1409 N.
1605 1374 1719 1409 1622.
1742 1393 1789 1399 -
1812 1376 1870 1417 32)
1893 1374 1925 1412 Ι.
1941 1370 2016 1412 Iul.
2034 1377 2094 1412 94.
2161 1360 2168 1403 Ᾰ

395 1449 439 1454 -—
463 1433 518 1470 33)
544 1432 793 1464 CORAMAAC
817 1430 1004 1475 scriptum.
1021 1451 1066 1456 —
1090 1432 1147 1472 34)
1172 1429 1316 1466 Eadem
1339 1429 1501 1465 nominis
1523 1429 1648 1475 forma
1677 1428 1719 1465 U.
1736 1429 1785 1466 B.
1801 1429 1856 1466 M.
1873 1429 1952 1477 196
1972 1442 2006 1468 v.
2029 1434 2092 1469 24.

397 1506 437 1510 -
463 1487 521 1531 35)
545 1498 571 1521 s.
590 1498 616 1522 s.
643 1487 772 1532 (supra
793 1486 971 1532 scriptos),
1022 1489 1078 1530 36)
1103 1486 1263 1522 eiusdem
1286 1497 1401 1531 supra
1426 1485 1561 1521 lineam
1584 1485 1776 1522 adiectum.

507 1588 621 1633 9060
669 1591 739 1632 M.¹
770 1590 907 1635 Acilio
936 1590 1171 1635 Avaviola²
1201 1595 1240 1634 et
1268 1591 1409 1634 Pansa
1439 1590 1544 1634 cos.³
1573 1591 1579 1643 Ι
1606 1588 1740 1645 pridie
1769 1603 1904 1634 nonas
1933 1590 2091 1635 Ianua-

395 1656 478 1701 rias
504 1657 510 1712 Ι
536 1658 586 1700 Τ.
609 1657 807 1702 Haterius
836 1659 980 1714 Nepos
1010 1658 1140 1714 praef.
1173 1659 1297 1714 Aeg.
1323 1656 1328 1713 Ι
1362 1657 1408 1700 L.
1430 1655 1598 1701 Valerio
1627 1657 1781 1702 Nostro
1811 1655 1941 1713 equiti
1965 1657 1973 1714 Ι
1997 1657 2094 1702 alae

397 1724 712 1769 Vocontiorum⁵
741 1730 878 1769 turma
904 1726 909 1782 Ι
938 1725 1131 1770 Gaviana
1157 1725 1326 1770 emerito
1348 1724 1582 1788 honelstam
1603 1723 1846 1769 missionem
1867 1723 1982 1769 dedit
2009 1723 2016 1783 Ι
2041 1731 2096 1776 (et

395 1803 473 1839 alia
488 1814 608 1847 manu,
634 1803 675 1838 in
690 1803 854 1849 maryine
869 1804 1076 1849 inferiore).
1103 1828 1112 1836 .
1131 1828 1140 1837 .
1160 1827 1169 1837 .
1186 1792 1288 1850 rlegi
1314 1795 1379 1836 O.
1395 1791 1450 1836 S.
1465 1792 1521 1838 S.
1541 1793 1700 1836 ΕΗΜ.
1701 1794 1717 1815 ⁶
1752 1791 1851 1837 deth
1869 1792 1977 1849 prid.
1993 1805 2093 1837 non.

512 1871 657 1907 Tabella
689 1871 818 1916 liynea,
855 1871 897 1905 in
926 1872 1068 1917 reqione
1090 1870 1238 1918 Fayum
1266 1883 1359 1917 rep.
1393 1871 1469 1907 iam
1495 1871 1597 1907 Cairi
1624 1871 1667 1907 in
1695 1881 1816 1907 museo
1840 1869 1898 1916 (S.
1923 1870 1966 1907 de
1988 1869 2092 1907 Ricci

390 1927 561 1963 Nouvellc
590 1927 712 1964 Revue
740 1927 935 1972 historique
965 1928 1008 1963 de
1038 1928 1137 1963 droit
1164 1929 1265 1963 1906
1286 1929 1454 1973 12478).
1495 1949 1539 1954 —
1581 1931 1613 1972 1)
1644 1927 1721 1964 Ser.
1744 1927 1830 1963 Mu?
1866 1947 1912 1953 —
1949 1930 1985 1972 2)
2014 1927 2090 1964 Sor.

392 1984 532 2020 Aviola.
557 2004 601 2009 —
632 1987 665 2027 3)
690 1985 736 2019 A.
759 1985 846 2020 122.
871 2005 912 2009 —
944 1987 978 2027 4)
1004 1984 1059 2029 Cf.
1084 1996 1199 2029 supra
1222 1984 1269 2020 N.
1294 1985 1404 2020 1338.
1429 2005 1474 2010 --
1505 1988 1539 2030 5)
1569 1985 1625 2031 Of.
1647 1995 1764 2030 supra
1785 1983 1834 2020 N.
1850 1984 1962 2029 2610,
1986 1983 2091 2034 infra

392 2040 439 2075 N.
463 2040 571 2075 9142.
611 2060 655 2066 —
690 2044 723 2084 6)
747 2040 889 2086 Perleyi
912 2041 1034 2076 omnia
1061 2051 1177 2085 supra
1200 2041 1337 2086 scripta
1366 2043 1401 2076 et
1428 2041 1616 2079 honestam
1643 2041 1853 2077 missionem
1881 2040 1975 2077 dedi.
2020 2036 2094 2077 Est

392 2096 493 2131 nuda
516 2097 661 2132 honesta
683 2097 815 2141 missio,
849 2096 938 2132 data
966 2109 989 2132 a
1012 2099 1147 2133 rectore
1162 2097 1394 2142 provinciae,
1427 2109 1509 2134 cum
1525 2098 1700 2144 praemia
1721 2099 1971 2134 veteranorum
1992 2097 2091 2134 solus

393 2153 589 2197 imperator
613 2153 791 2188 tribueret.

1036 2325 1209 2375 Militia
1242 2326 1438 2374 urbana.

506 2420 617 2465 9061
668 2423 707 2465 d.
739 2437 793 2466 m.
822 2422 826 2479 Ι
854 2423 899 2467 O.
931 2424 1106 2468 Antistio
1134 2426 1139 2480 Ι
1167 2425 1323 2471 Severo
1351 2425 1356 2482 Ι
1392 2425 1477 2469 mil.
1510 2425 1603 2470 coh.
1625 2426 1736 2469 VIII
1768 2439 1830 2482 pr.
1857 2427 1864 2482 Ι
1889 2429 1986 2484 spe¹
2016 2427 2090 2472 mi-

395 2487 518 2532 litans
548 2502 643 2532 ann.
674 2490 733 2545 X,
760 2490 765 2542 Ι
793 2490 967 2535 decessit
997 2492 1166 2547 Faleris,
1193 2492 1198 2548 Ι
1227 2492 1348 2538 cuius
1381 2493 1540 2538 cineres
1566 2492 1572 2550 Ι
1599 2492 1809 2538 Antistius
1838 2493 2047 2540 θοι-868113
2081 2499 2087 2548 Ι

395 2555 531 2599 retulit
559 2561 676 2611 pater
686 2562 712 2598 ².

507 2622 557 2657 In
579 2621 709 2657 Piceno
727 2633 843 2667 prope
867 2624 967 2658 Isola
991 2625 1048 2660 del
1073 2625 1177 2661 Gran
1194 2627 1302 2663 Sasso
1331 2627 1413 2673 ayri
1435 2630 1479 2663 ut
1501 2627 1644 2664 videtwr
1659 2627 1960 2664 Interamnitium
1975 2627 2091 2674 (Bar-

395 2677 501 2712 nabei
523 2677 666 2713 Notizie
690 2678 783 2723 deyli
805 2679 901 2714 soavi
923 2681 1024 2715 1899
1045 2692 1080 2726 p.
1095 2683 1205 2727 262).
1243 2704 1284 2708 —
1323 2687 1354 2726 1)
1382 2684 1436 2730 Of.
1461 2695 1576 2729 supra
1597 2683 1646 2720 N.
1669 2684 1782 2720 2071.
1822 2682 2091 2721 Domaszewski

395 2733 672 2779 Ranyordnunq
688 2745 729 2778 p.
746 2734 801 2769 22.
818 2755 863 2760 -
887 2738 920 2778 2)
950 2735 1089 2772 Ultima
1111 2739 1219 2774 verba
1244 2740 1346 2784 (inde
1369 2739 1414 2775 ab
1440 2739 1550 2784 Ant-)
1573 2740 1758 2776 senarium
1780 2739 1953 2786 efficiunt.

507 2835 621 2879 9062
671 2837 716 2880 G.
739 2837 881 2880 Matho
914 2838 959 2881 O.
989 2838 1019 2882 f.
1047 2840 1052 2893 Ι
1078 2841 1173 2885 Ter.
1197 2842 1389 2886 Clemens
1415 2842 1422 2897 Ι
1448 2841 1658 2887 missicius
1687 2856 1740 2887 ex
1752 2812 1863 2888 fob.
1883 2844 1928 2887 II
1955 2857 2016 2900 pr.
2070 2848 2077 2851 “

508 2902 647 2938 Romae
668 2913 743 2947 rep.
767 2905 871 2938 extra
887 2905 1037 2947 portam
1054 2905 1238 2943 Salariam
1263 2909 1507 2952 (ῑῐΙκὲῖ267Όει
1531 2909 1640 2946 descr.
1669 2908 1773 2945 Gatti
1796 2908 1880 2945 bull.
1903 2910 2090 2946 comunale
2147 2923 2151 2929 ¹

395 2959 495 2993 1899
513 2970 555 3003 p.
576 2959 646 3003 71).

506 3049 620 3094 9063
669 3050 726 3094 Μ.
758 3050 943 3094 Tuccius
982 3051 1026 3095 O.
1057 3052 1087 3096 f.
1129 3052 1134 3108 Ι
1176 3054 1263 3098 Col.
1295 3055 1511 3099 Maximus
1554 3058 1559 3108 Ι
1600 3055 1880 3112 Tiberiopoli¹
1921 3057 1926 3111 Ι
1966 3055 2088 3100 miles

395 3117 486 3162 coh.
510 3119 594 3160 VII
624 3131 685 3173 pr.
714 3117 718 3172 Ι
746 3118 798 3156 6²
829 3118 1024 3173 Marcelli,
1053 3120 1058 3176 Ι
1085 3121 1190 3165 vixit
1218 3120 1382 3177 ann0[s]
1408 3155 1417 3164 .
1442 3157 1450 3166 .
1477 3122 1532 3179 .,Ἰ
1560 3122 1788 3180 milit[avit]
1823 3156 1832 3165 .
1856 3156 1865 3166 .
