2170 3458
410 289 446 325 X
1047 288 1236 325 Addenda.
1284 288 1406 333 Caput
1428 288 1455 324 1.

407 401 622 447 probabile).
672 401 837 447 Scriptus
865 402 919 436 est
947 400 1075 436 titulus
1103 400 1265 436 versibus
1290 399 1478 436 Saturniis
1508 401 1570 445 (ut
1590 399 1668 436 alia
1691 399 1824 436 aetatis
1849 399 1953 437 illius
1979 411 2106 438 monu-
2135 391 2145 434 Ϊ,

409 459 531 493 menta
555 457 809 503 triumphalia,
835 457 879 493 de
902 457 1031 502 quibus
1053 457 1098 501 cf.
1115 467 1231 502 supra
1245 456 1291 492 N.
1308 458 1364 492 20
1376 456 1512 499 adnot,
1534 455 1599 492 ubi
1620 467 1689 502 pro
1705 456 1819 493 Atilio
1834 456 2106 494 Fortunatiano
2139 454 2141 456 ’

409 513 699 549 substituendum
717 513 836 549 Gaesii
851 513 965 548 Bassi
979 514 1139 557 nomen),
1165 523 1253 558 quos
1274 513 1441 558 supplere
1466 512 1656 558 temptavit
1668 511 1863 550 Buecheler
1883 523 1974 550 mus.
1987 512 2104 550 Rhen.

409 571 513 605 1908
533 581 569 615 p
595 571 667 605 321
679 581 747 615 seq.
781 570 845 615 (cf.
871 569 981 605 etiam
1004 569 1135 605 Rei-sch
1161 570 1263 605 oestr
1287 568 1519 614 Jahreshefte
1541 570 1727 613 11,1908
1751 579 1786 616 p.
1810 570 1998 616 276seq..)
2045 569 2106 606 Aa

409 626 513 662 aliud
531 628 801 662 monumentum
826 625 984 661 eiusdem
1003 625 1179 661 Tuditani
1195 625 1381 670 pertinuit
1404 625 1532 661 titulus
1555 627 1775 661 memoratus
1797 636 1822 662 a
1843 625 1968 662 Plinio
1985 625 2006 662 l.
2019 636 2046 661 c.
2062 645 2104 652 —

413 685 444 725 1)
468 683 634 728 Apparet
651 682 874 717 Tuditanum
890 681 1000 717 etiam
1016 692 1098 717 cum
1116 681 1310 727 Tauriscis,
1334 681 1470 727 Alpino
1485 681 1637 727 populo,
1661 680 1872 727 conflixisse.
1888 701 1935 709 —
1957 684 1992 726 2)
2017 681 2105 718 Gar-

409 749 540 774 norum
573 749 702 774 nomen
736 738 793 773 hic
826 738 941 783 fuisse
974 737 1199 773 coniecerunt
1227 736 1468 772 Premerstein
1496 739 1533 773 et
1552 737 1758 781 Buecheler,
1785 737 2035 783 probabiliter.
2060 757 2105 764 —

410 797 444 838 3)
469 794 530 830 Sic
552 795 684 839 optime
707 794 909 830 Buecheler.
940 813 985 820 --
1019 796 1055 837 4)
1082 792 1143 828 Sic
1165 792 1361 828 Buecheler
1382 793 1423 828 in
1447 793 1578 829 litteris
1601 793 1651 829 ad
1672 805 1729 830 me
1752 793 1851 831 datis
1871 795 1966 840 (non
1988 794 2106 831 multo

409 850 572 886 meliores
588 862 710 886 versus
724 861 839 896 supra
855 850 901 886 N.
919 850 953 886 4.
970 850 1034 884 20.
1054 849 1186 893 3083),
1202 849 1334 894 paullo
1351 848 1460 884 aliter
1482 860 1571 885 mus.
1589 849 1704 886 Bhen.
1723 869 1768 876 -
1792 852 1826 893 5)
1853 848 2108 896 ffiumphavit

410 906 616 942 Tuditanus
643 907 685 942 in
707 906 785 951 ipso
809 904 999 941 consulatu
1020 903 1054 941 d.
1080 905 1110 941 1.
1132 903 1205 940 oct.
1226 901 1286 940 ‘de
1308 898 1533 950 Iapudibus'
1556 902 1668 951 (fasti
1693 902 1859 951 Capitol„
1893 905 1930 943 G.
1952 905 1986 942 I.
2011 905 2056 942 L.
2080 906 2110 942 I

409 962 462 999 ed.
480 965 507 998 2
522 973 556 1008 p.
575 964 627 998 48
650 964 693 1008 cf.
711 973 746 1008 p.
764 964 863 1007 176).
882 982 926 987 —
950 965 984 1004 6)
1007 961 1153 1004 Aedem,
1176 960 1232 996 vel
1248 961 1354 997 dona.
1373 981 1418 987 —
1442 964 1476 1003 7)
1503 961 1623 998 Victor
1641 961 1847 999 Tuditanus
1860 964 1946 999 vota
1958 962 2106 999 solvisse
2156 1007 2159 1010 Α

407 1019 594 1063 putandus
613 1021 664 1054 est
679 1018 824 1054 numini
840 1018 996 1053 locorum
1015 1017 1164 1053 illorum
1178 1016 1415 1054 celeberrimo.
1453 1017 1514 1053 Ad
1541 1017 1731 1054 Timavum
1752 1018 1831 1055 sine
1852 1017 1962 1056 dubio
1983 1021 2105 1055 castra

404 1073 531 1118 prima
547 1076 733 1118 posuerat,
757 1085 837 1109 oum
853 1074 898 1109 ab
913 1073 1085 1120 Aquileia
1107 1075 1234 1109 contra
1249 1074 1399 1110 Histros
1421 1074 1619 1111 exercitum
1634 1074 1779 1111 duceret
1797 1074 1862 1120 (of.
1879 1074 1961 1112 Liv.
1979 1075 2036 1118 41,
2052 1075 2102 1120 1).

411 1129 467 1164 De
494 1129 642 1165 Timavo
665 1141 739 1176 pro
771 1131 835 1166 deo
866 1128 959 1166 culto
989 1129 1035 1175 cf.
1065 1139 1181 1175 supra
1208 1127 1256 1167 N.
1280 1130 1388 1166 3900
1416 1128 1499 1175 (ubi
1520 1138 1609 1167 sane
1638 1130 1755 1167 alium
1781 1130 1972 1168 Timavum
1993 1130 2107 1177 siqni-

407 1185 512 1229 ficari
534 1187 644 1231 putat
658 1186 801 1222 Sticotti
816 1186 1018 1222 Miscellan.
1040 1186 1083 1222 in
1098 1197 1205 1222 onore
1229 1186 1269 1222 di
1283 1186 1414 1222 Attilio
1437 1187 1568 1223 Hortis
1594 1186 1718 1223 Iriest.
1742 1187 1840 1224 1910
1861 1197 1896 1233 p.
1913 1187 2042 1233 1044).
2059 1207 2105 1214 -
2158 1182 2160 1185 ’

409 1243 443 1284 8)
468 1241 677 1288 δὶρηῆίεανὶ
692 1245 835 1288 putant
855 1242 1119 1278 restitutionem
1141 1253 1328 1278 sacrorum
1355 1242 1506 1278 Timavi.

521 1333 635 1378 8886
685 1333 753 1391 [Ρ.
789 1334 1016 1378 Cornelius
1051 1334 1104 1378 P.
1141 1333 1173 1389 f.
1205 1331 1362 1390 Scipio]
1403 1333 1564 1379 Nasica
1600 1334 1780 1392 Περαίας
1808 1367 1819 1379 .
1841 1368 1850 1379 .
1874 1369 1885 1380 .
1941 1344 2106 1382 Πόπλιος
2161 1320 2163 1322 ³

411 1399 627 1458 Κορνήλιος]
657 1401 868 1445 Ποπλίου
899 1406 1102 1453 Νασικᾶς
1133 1402 1428 1459 πρεσβευτής,
1459 1399 1692 1458 &phuam-¹
1724 1436 1734 1446 .
1767 1436 1775 1446 .
2163 1395 2165 1399 ἲ

522 1467 694 1514 Peryami
721 1479 807 1513 rep,
842 1469 1051 1514 fraqmenta
1081 1467 1242 1514 epistylii
1271 1467 1468 1503 marmorei
1502 1468 1696 1515 (Hepdinq
1719 1468 1836 1504 atlaen.
1861 1466 1984 1504 Mitth.
2008 1469 2106 1504 1910
2165 1486 2170 1491 ·

404 1535 440 1569 p.
466 1525 570 1568 483).
618 1523 806 1560 Pertinuit
826 1524 875 1560 ad
898 1526 1170 1560 monumentum
1194 1535 1219 1559 a
1241 1524 1283 1559 P.
1304 1524 1467 1560 Cornelio
1494 1524 1663 1569 Scipione
1678 1523 1828 1567 Nasica,
1850 1523 1996 1560 consule
2017 1535 2051 1560 a.
2067 1535 2103 1560 u.
2167 1537 2170 1578 ξ

408 1589 434 1615 c.
463 1580 543 1623 616,
566 1580 737 1626 Pergami
760 1582 978 1624 emmwtum,
1006 1590 1087 1617 cum
1108 1581 1152 1626 is,
1184 1582 1228 1616 ut
1246 1580 1410 1616 invidiae
1433 1579 1538 1616 occisi
1564 1577 1700 1616 Tiberii
1726 1579 1882 1616 Gracchi
1903 1587 1942 1617 ee
1962 1580 2105 1618 subtra-

408 1636 514 1679 heret,
536 1636 603 1672 sub
621 1636 735 1682 specie
759 1637 948 1683 leyationis
970 1637 1012 1672 in
1027 1637 1155 1673 Asiam
1178 1637 1375 1673 secessisset
1395 1640 1431 1674 et
1453 1637 1626 1683 Peryami
1647 1636 1879 1683 potissimum
1901 1639 2107 1674 moturum

409 1692 512 1737 (Val.
529 1692 633 1729 Mam.
659 1695 691 1739 5,
709 1695 743 1736 3,
762 1695 811 1738 2,·
839 1693 939 1729 Plut.
967 1693 1041 1729 Tib.
1072 1693 1218 1730 Gracch.
1243 1695 1311 1738 21,·
1339 1694 1512 1740 Pergami
1534 1694 1645 1730 etiam
1668 1695 1833 1730 mortius
1854 1695 1920 1738 aas,
1943 1692 2014 1730 oio.
2034 1704 2106 1740 pro

409 1749 527 1784 Flacc.
554 1750 609 1792 31,
630 1751 701 1795 75).
727 1768 772 1775 ——
801 1754 832 1794 1)
855 1750 1032 1795 Pontifex
1054 1750 1238 1786 maoeimus
1260 1750 1338 1796 fuit
1358 1750 1503 1787 Nasica.

521 1838 633 1885 8887
684 1840 740 1884 Μ.
772 1839 1005 1886 Minucium
1036 1839 1085 1895 Q„
1114 1839 1145 1886 f.
1176 1840 1358 1886 Rufum¹
1395 1840 1403 1898 Ι
1437 1841 1730 1898 imperatorem
1761 1838 1918 1886 Gallein
1947 1838 1956 1896 1
1986 1836 2107 1887 Scor-

410 1906 553 1953 disteis
588 1913 628 1952 et
663 1908 829 1965 Besseis
860 1908 866 1965 Ι
900 1906 1204 1966 [reliqueisque
1243 1909 1509 1953 Thraecibus
1540 1909 1546 1964 Ι
1577 1909 1808 1953 devicteis?
1837 1938 2046 1954 .......
2061 1907 2104 1965 Ἰ

410 1976 636 2030 dedic]avit
665 1977 847 2033 populus
876 1976 1097 2033 Delphina.
1143 1989 1212 2033 (In
1233 1988 1307 2024 alio
1331 1987 1470 2033 lapide)
1495 1976 1692 2033 [Μάαρκωι
1715 1975 1936 2033 ΜιῙνύκιον
1968 1975 2107 2037 Kolp-

412 2065 477 2088 wv
493 2043 775 2103 vtov‘Pquvor
798 2043 1053 2101 στρα[τηιγὸν
1069 2047 1320 2098 ἀνθύπα]τον
1335 2041 1584 2101 Ῥωμαι[ων,
1606 2042 1841 2101 mundana
1862 2047 1941 2088 τὸν
1961 2047 2079 2100 πρὸς
2096 2047 2104 2100 Ι

414 2110 595 2167 [Γαλάτας
618 2112 905 2169 Σ]κορδίστας
937 2111 1013 2169 [και
1038 2111 1125 2169 vohi
1143 2116 1261 2170 πρὸς
1282 2114 1484 2163 Βέσσους
1509 2110 1516 2168 Ι
1544 2109 1620 2168 [και
1644 2125 1727 2156 τοὺς
1748 2110 1949 2165 Βουτοῦς
1971 2113 2106 2169 Θρᾶι·

413 2176 491 2235 [καε
520 2179 740 2234 π]όλεμον,
779 2183 806 2222 ἁ
838 2180 973 2232 πόλις
1000 2179 1005 2234 Ι
1034 2179 1127 2237 [τῶν
1142 2178 1337 2238 Δελ]φῶν
1367 2180 1527 2237 ἀρετᾶς
1555 2172 1715 2236 §rbus-v]
1746 2182 1822 2222 καὶ
1852 2178 2107 2237 εὐεργεσίας

412 2253 492 2298 τᾶς
518 2244 524 2303 Ι
552 2245 617 2303 [stc
641 2246 775 2304 atrab!
801 2243 1067 2291 Ἀπόλλωνι.

522 2312 677 2359 Delphis
698 2325 771 2359 rep.
797 2325 829 2350 a.
854 2315 955 2350 1894
978 2317 1082 2350 eoetra
1104 2324 1251 2351 murum
1275 2314 1488 2353 orientalem
1510 2322 1617 2349 areae
1639 2322 1774 2358 sacrae,
1807 2320 1950 2348 versum
1966 2314 2106 2358 postre-

410 2381 511 2405 mum
526 2369 773 2415 inscriptionis
785 2371 944 2407 Latinae
956 2374 1081 2417 postea
1096 2371 1138 2406 in
1153 2371 1236 2417 ipsa
1251 2382 1338 2407 area
1353 2370 1419 2406 sub
1433 2370 1573 2416 tripode
1591 2369 1735 2405 Gelonis
1749 2368 1910 2414 repperit
1918 2367 2109 2415 Bowrpuet

412 2426 458 2471 (I
488 2427 540 2462 ed.
566 2428 593 2461 2
626 2438 661 2462 n.
690 2429 766 2463 692
799 2439 880 2463 cum
915 2428 1074 2474 imayine
1106 2427 1390 2474 photoyraphica
1425 2438 1478 2463 vv.
1504 2427 1598 2462 1-3
1631 2436 1741 2471 quam
1774 2425 1879 2461 misit
1909 2425 2105 2461 Holleaux.

411 2482 496 2518 A.I.
507 2482 669 2519 Reinach
686 2483 769 2519 bull.
788 2484 831 2520 de
846 2495 996 2530 corresp.
1015 2485 1138 2520 hellen
1157 2485 1217 2527 34,
1233 2484 1326 2521 1910
1340 2494 1374 2530 p.
1395 2484 1483 2519 306.
1500 2482 1600 2526 328,·
1623 2478 1818 2528 Bourquet
1838 2481 1925 2517 ibid.
1941 2478 2001 2527 35,
2016 2482 2106 2518 1911

411 2549 446 2584 p.
463 2540 544 2574 173.
579 2539 730 2575 Primus
749 2540 913 2576 ediderat
922 2541 1111 2577 Perdrizet
1124 2541 1172 2577 ib.
1187 2542 1254 2584 20,
1269 2541 1367 2577 1896
1381 2548 1415 2586 p.
1434 2539 1523 2576 482.
1535 2538 1622 2583 483,
1647 2547 1790 2574 versum
1804 2539 2032 2583 postremum
2048 2538 2107 2574 de·

413 2595 607 2631 dicationis
635 2596 794 2632 Latinae
823 2597 971 2634 addidit
998 2598 1158 2634 Pomtow
1189 2595 1360 2634 Berliner
1386 2595 1514 2643 philol.
1545 2594 1789 2631 Wochemchr.
1811 2593 1915 2630 1909
1941 2602 1977 2640 p.
2005 2595 2104 2639 796).

411 2652 462 2686 In
487 2652 716 2697 inscriptione
731 2653 869 2689 Latina
886 2656 1027 2698 puncta
1049 2654 1199 2689 eandem
1223 2651 1490 2700 trianqulorum
1512 2652 1672 2698 formam
1695 2647 1834 2695 habent,
1859 2659 1970 2696 qnam
1992 2661 2105 2696 supra

412 2706 459 2743 N.
483 2708 594 2743 4047.
643 2708 766 2753 Supra
794 2709 1066 2754 inscriptionem
1089 2709 1264 2745 Latinam
1294 2708 1425 2745 litteris
1452 2707 1654 2744 minoribus
1678 2707 1827 2753 leqitur:
1858 2705 2107 2753 Μενεκράτης

412 2766 477 2800 καὶ
504 2761 719 2810 Σώπατρος
746 2769 907 2814 Θηβαῖοι
931 2763 1124 2813 ἐποίησαν,
1158 2766 1220 2802 sed
1243 2776 1324 2801 eum
1348 2761 1494 2800 titulum
1525 2763 1656 2799 aetatis
1685 2762 1905 2808 antiquioris
1932 2774 2020 2809 esse,
2050 2764 2107 2799 vel

412 2820 534 2866 potius
563 2821 772 2857 restitutum
801 2834 845 2857 επ
873 2821 1090 2867 antiquiore,
1126 2823 1162 2857 et
1187 2823 1345 2867 spectare
1380 2820 1430 2855 ad
1460 2817 1719 2862 dedicationem
1749 2829 1847 2855 nwnc
1880 2818 2105 2865 deperditam

411 2877 544 2913 statuit
558 2877 738 2921 Pomtow;
767 2876 833 2913 sub
857 2875 1089 2923 inscriptione
1105 2876 1245 2913 Latina
1266 2877 1363 2912 inter
1377 2885 1492 2912 annos
1513 2877 1589 2922 fere
1615 2874 1687 2911 654
1703 2874 1738 2911 et
1753 2874 1828 2910 664
1843 2886 1878 2911 a.
1889 2885 1926 2912 u.
1938 2887 1967 2912 c.
1989 2875 2105 2911 incisa

412 2935 501 2969 sunt
521 2933 592 2968 duo
617 2932 754 2969 decreta
770 2931 994 2978 Delphorum
1017 2933 1067 2969 ad
1090 2933 1250 2969 homines
1269 2929 1432 2978 privatos
1451 2928 1606 2968 Graecos
1622 2930 1857 2978 pertinentia,
1880 2931 1927 2977 cf.
1943 2929 2104 2967 Pomtow

414 2987 435 3024 l.
452 3000 479 3024 c.
497 2999 532 3034 p.
551 2988 623 3024 797
635 2992 707 3026 not.
721 2988 755 3025 4.
779 3010 823 3015 —
850 2993 880 3033 1)
908 2989 1042 3026 Consul
1059 3000 1091 3026 a.
1109 3001 1145 3026 u.
1162 3001 1191 3025 c.
1210 2988 1298 3034 644,
1325 2983 1534 3034 ‘proconsul
1556 2985 1730 3023 adversus
1756 2984 1916 3023 Thrdcas
1933 2996 2106 3033 prospere

410 3041 604 3090 puymvit'
630 3044 727 3090 (Liv.
753 3045 835 3091 epit.
864 3047 940 3090 65),
972 3043 1031 3082 ‘esc
1055 3040 1270 3082 Scordiscis‘
1300 3043 1542 3090 triumphavit
1562 3040 1673 3089 (Vell.
1697 3045 1734 3089 2,
1753 3044 1778 3079 8
1800 3042 1846 3089 cf.
1868 3040 1968 3079 Flor.
1993 3043 2024 3088 1,
2043 3042 2103 3078 39.

413 3098 568 3146 Eutrop.
586 3101 621 3145 4,
637 3102 699 3145 27,
718 3101 768 3146 5),
796 3111 893 3137 anno
909 3104 953 3137 ut
965 3100 1109 3137 videtur
1127 3102 1195 3137 648
1212 3100 1276 3147 (cf.
1297 3099 1380 3136 011,
1394 3098 1438 3136 L.
1455 3097 1485 3135 Ῑ
1498 3100 1553 3137 ed.
1569 3101 1597 3136 2
1611 3107 1647 3146 p.
1665 3098 1724 3135 49.
1740 3097 1820 3143 53).
1865 3096 2005 3136 Eodem
2026 3097 2105 3136 sine

415 3153 524 3193 dubio
542 3161 697 3202 tempore
711 3156 831 3202 frater
846 3159 958 3202 [natu
973 3158 1109 3202 maior)
1134 3158 1169 3193 et
1191 3158 1328 3204 leyatus
1343 3157 1421 3194 eius
1447 3156 1488 3203 Q.
1504 3154 1692 3192 Minucius
1706 3154 1860 3201 Delphis
1880 3155 2006 3201 posuit
2020 3154 2104 3191 titii-
2146 3171 2148 3173 ·
