2170 3458
413 276 478 312 CII
1037 276 1219 312 Addendu.
1267 274 1387 321 Caput
1410 274 1476 311 XI.

413 392 586 445 βρίκιος
612 392 834 446 Μαάρκου
864 392 975 440 υἱός,
1002 386 1009 444 Ι
1034 391 1210 441 Δέκμος
1231 384 1432 440 Ἄμπιος
1461 390 1669 439 Κοίντου,
1696 385 1704 441 Ι
1729 391 1928 440 Λεύκιος
1954 390 2110 449 Αὐφί-

415 456 513 507 διος
542 460 740 499 Λευκίου
770 459 845 499 καὶ
875 458 1015 499 Γαίου
1046 458 1297 511 Δωρόθεος
1327 457 1556 510 νεώτερος,
1597 455 1603 510 Ι
1645 458 1844 506 Λεύκιος
1871 458 2110 510 numa-209

413 527 612 567 Λευκίου
647 528 853 582 Τρύφων,
881 522 887 579 Ι
912 527 1052 574 Γάιος
1071 526 1208 580 Σήιος
1237 524 1402 564 Γναίου
1428 517 1692 578 Ἡρακλέων,
1720 522 1726 577 Ι
1756 525 1968 582 Τεβέριος
1985 527 2111 569 Μαί·

413 607 510 642 mog
537 594 749 643 Λευκίου,
777 590 783 646 Ι
810 595 974 642 Γναῖος
1007 593 1264 646 Τουτώριος
1293 589 1505 632 Ποπλίου
1532 585 1913 646 Ὀλυμπιόδωρος,
1938 591 1947 647 Ι

471 663 515 701 οἱ
542 656 800 714 Ἑρμαισταὶ
837 660 912 700 καὶ
938 654 1333 699 Ἀπολλωνιασταὶ
1371 659 1447 699 καὶ
1476 656 1906 714 ΠοσιδωνιασταὶἸ
1945 662 1993 702 ἐκ
2021 667 2110 703 τῶν

414 726 541 769 ἰδίων
571 729 652 768 Διὶ
686 727 879 782 Οὐρίωι9
909 727 1148 781 ἀνέθηκαν.

516 803 603 839 Deli
616 803 787 848 (Boussel
800 805 835 838 et
845 802 1023 847 Hatzfeld
1037 801 1138 837 Bull.
1152 812 1240 837 corr.
1254 800 1452 846 helle'nique
1463 801 1517 846 33,
1531 802 1680 847 190912.
1691 803 1789 848 496;
1810 803 1997 842 Holleauoe
2011 805 2113 843 misit

412 857 608 906 imaginem
624 858 977 904 photoyraphioam).
1018 857 1180 894 Titulum
1204 856 1401 902 aliquanto,
1430 857 1494 893 sed
1516 868 1591 894 non
1612 858 1726 895 multo
1747 860 1976 898 recentiorem
1999 872 2111 910 quam

411 915 566 952 similem
583 915 730 950 titulum
752 915 842 950 anni
858 926 893 950 u.
911 926 937 950 c.
956 915 1032 959 641,
1052 914 1095 950 de
1109 925 1178 959 quo
1194 913 1241 958 ef.
1257 915 1331 950 not.
1348 914 1380 957 8,
1405 916 1497 950 recte
1512 914 1680 951 iudicant
1692 915 1855 953 editores.
1879 937 1926 943 —
1949 920 1984 962 1)
2004 918 2112 956 Idem

410 973 571 1018 fortasse,
602 973 646 1007 ut
666 974 884 1007 monuerunt
905 971 1066 1015 editores,
1097 968 1218 1013 Γάιος
1231 963 1342 1013 (Ἠιος
1369 971 1482 1007 Τίτου
1511 973 1734 1007 memoratus
1761 971 1804 1008 in
1833 975 1857 1008 t.
1879 972 1989 1014 Delio
2010 975 2111 1013 Bull.

411 1029 455 1063 de
478 1038 566 1063 corr.
590 1027 713 1063 helle'n.
738 1029 794 1072 31,
820 1028 925 1063 1907
937 1039 979 1072 p.
996 1028 1085 1063 462.
1108 1047 1154 1053 -
1189 1030 1223 1071 2)
1246 1026 1374 1062 Huius
1396 1029 1439 1062 ut
1460 1026 1607 1063 videtur
1628 1027 1749 1072 frater
1770 1027 1825 1064 M.
1851 1029 1991 1067 Cottius
2011 1031 2060 1068 N.
2082 1033 2110 1078 f.
2160 1051 2162 1053 ν

410 1084 451 1119 in
468 1084 572 1120 titulo
595 1084 686 1119 anni
700 1095 737 1118 u.
754 1094 779 1119 c.
801 1084 866 1119 641
891 1083 997 1127 infra
1018 1082 1065 1119 N.
1085 1084 1190 1119 9417.
1215 1103 1260 1108 -
1283 1086 1317 1126 3)
1341 1083 1445 1118 Alter
1468 1095 1512 1118 eoe
1522 1083 1694 1128 patronis
1716 1083 1824 1120 huius
1838 1085 2015 1124 Dorothei
2035 1088 2111 1134 for-

412 1142 504 1175 tasse
526 1140 570 1176 L.
589 1139 762 1185 Aufidius
784 1141 1003 1175 memoratus
1025 1140 1066 1175 in
1091 1141 1115 1175 t.
1143 1139 1249 1175 Tenio
1272 1139 1344 1184 filii
1370 1139 1490 1175 OIG'r.
1514 1140 1620 1175 2335
1632 1158 1677 1171 =
1692 1140 1727 1177 I.
1748 1140 1792 1178 G.
1821 1141 1914 1178 XII
1930 1145 1958 1180 ὅ
1976 1156 2014 1181 n.
2033 1145 2112 1181 860

409 1207 441 1232 v.
464 1197 486 1232 7
494 1207 570 1241 seq„
598 1198 633 1232 et
654 1196 755 1232 alibi.
794 1216 838 1221 —
877 1199 911 1239 4)
937 1195 1043 1232 Alius
1067 1193 1187 1238 Γάιος
1211 1193 1327 1241 Σήιος
1349 1197 1497 1232 Γναίου
1521 1199 1725 1244 (Ρωμαῖος,
1749 1193 2032 1246 Ἀριστόμαχος)
2060 1204 2115 1238 est
2166 1203 2167 1206 ’

409 1253 450 1288 in
475 1255 498 1288 t.
521 1252 629 1288 Delio
655 1252 756 1289 Bull.
781 1253 824 1288 de
847 1264 937 1289 corr.
962 1252 1086 1288 hellen.
1113 1255 1169 1296 11,
1196 1253 1302 1287 1887
1319 1262 1355 1298 p.
1379 1252 1460 1297 273,
1492 1253 1554 1297 qui
1576 1253 1720 1289 videtur
1739 1254 1887 1300 positus
1914 1266 1988 1293 esse
2014 1268 2112 1294 anno

409 1320 443 1344 u.
468 1321 496 1346 e.
525 1309 631 1353 652s3
659 1309 827 1351 (Roussel
850 1311 884 1345 et
905 1308 1081 1355 Hatzfeld
1106 1309 1127 1345 l.
1145 1319 1171 1344 0.
1195 1319 1232 1355 p.
1249 1309 1351 1352 499).
1389 1329 1429 1334 --
1470 1312 1503 1352 5)
1527 1309 1704 1356 Magistri
1724 1309 1903 1347 Mercurii
1926 1313 2111 1359 Apollinis

409 1365 579 1410 Neptuni,
605 1366 650 1412 ef.
667 1368 739 1401 not.
760 1367 795 1402 8.
818 1386 863 1391 —
888 1369 921 1409 6)
946 1365 1007 1401 Sic
1031 1367 1103 1403 Δία
1124 1363 1262 1410 Οῧριον
1281 1364 1416 1400 Latine
1431 1365 1678 1403 reddiderunt.
1714 1367 1860 1413 Iupiter
1875 1367 2112 1406 Secundanus

410 1424 630 1457 memoratur
645 1422 754 1458 etiasm
771 1434 794 1458 a
810 1422 1000 1458 Martiano
1017 1422 1165 1467 Capella
1181 1425 1214 1466 1,
1230 1423 1288 1458 47.
1308 1442 1349 1447 -
1374 1425 1408 1466 7)
1432 1422 1561 1458 Etiam
1581 1422 1715 1459 Graece
1736 1425 1862 1461 notam
1877 1425 2112 1472 immunitatis

415 1478 698 1524 adscripserunt,
735 1481 858 1515 contra
887 1478 1179 1515 consuetudinem
1212 1479 1464 1523 antwuiorem.
1495 1499 1541 1505 —-
1571 1481 1605 1523 8)
1628 1479 1843 1516 Eorundem
1866 1482 2014 1519 deorum
2036 1494 2113 1519 ma-

406 1535 515 1580 yistri
538 1535 694 1572 duodeni
717 1535 810 1572 alios
831 1546 967 1580 quoque
990 1534 1115 1571 titulos
1129 1534 1217 1571 Deli
1232 1537 1443 1580 posuerunt,
1469 1547 1624 1580 quorum
1647 1547 1762 1573 unum
1788 1536 1996 1584 bilinquem,
2022 1539 2114 1576 anni

408 1603 444 1628 u.
462 1602 489 1628 c.
510 1593 590 1637 641,
615 1592 782 1628 dabimus
804 1591 907 1636 infra
929 1591 1027 1627 inter
1043 1591 1167 1627 titulos
1190 1591 1417 1637 colleyiomm
1441 1591 1502 1634 (N.
1523 1593 1638 1637 9417),
1665 1592 1790 1638 alium,
1813 1593 1906 1630 anni
1919 1593 1956 1630 u.
1970 1604 1999 1630 c.
2018 1596 2104 1639 680,

408 1647 517 1683 habes
539 1648 641 1685 Bull.
666 1649 708 1685 de
731 1659 819 1684 corr.
843 1648 967 1684 helle'n.
995 1649 1027 1693 8,
1054 1649 1156 1684 1884
1179 1659 1213 1693 p.
1239 1649 1313 1683 146
1343 1647 1473 1692 (etiam
1496 1648 1598 1685 Bull.
1623 1649 1666 1685 de
1687 1661 1777 1686 corr.
1802 1649 1926 1686 helle‘n.
1948 1650 1979 1687 I
1995 1661 2031 1697 p.
2057 1653 2111 1687 87

408 1715 444 1740 n.
461 1706 511 1740 36
533 1705 600 1741 huo
615 1705 799 1750 pertinere
821 1704 988 1748 videtur).
1026 1725 1067 1730 —
1105 1707 1138 1747 9)
1162 1704 1297 1740 Eidem
1322 1704 1385 1740 deo
1408 1703 1497 1740 Deli
1527 1705 1711 1742 dedicatus
1739 1709 1793 1742 est
1813 1706 1941 1743 titulus
1961 1707 2107 1744 Ditten·

409 1761 531 1807 berqer
556 1761 690 1798 Orient.
714 1762 820 1797 inser.
845 1762 933 1797 368.

521 1852 635 1897 9238
682 1853 778 1897 Iovi
807 1853 964 1909 optimo
995 1852 1203 1911 malximo
1232 1852 1357 1898 tutori
1390 1852 1396 1910 Ι
1435 1854 1487 1898 Τ.
1518 1853 1704 1899 Marcius
1734 1855 1928 1912 Gamusl
1960 1861 2105 1903 votum

407 1920 666 1965 reddidit'eo
692 1920 697 1976 Ι
724 1921 816 1965 loco
847 1934 932 1976 quo
967 1925 1007 1964 et
1035 1925 1159 1965 natus
1189 1926 1260 1965 est.
1302 1921 1308 1977 Ι
1348 1925 1431 1965 Διὶ
1460 1925 1684 1978 κρατίστω
1713 1926 1910 1980 μεγίστω
1933 1925 1944 1977 Ι
1970 1940 2105 1983 φρον-

409 1988 546 2046 τΙιστῆ]
583 1993 718 2040 Τίτος
746 1992 958 2047 Μάρκιος
998 1987 1004 2044 Ι
1044 1993 1085 2031 Γ
1083 1992 1198 2043 άμος
1233 1992 1360 2045 εὐχὴν
1392 1990 1623 2035 ἀπέδωκεν
1662 1989 1669 2046 Ι
1707 1994 1852 2035 τούτω
1884 1998 1947 2040 τῶ
1976 1996 2104 2036 τύπω

410 2058 463 2100 οὗ
490 2060 565 2100 καὶ
595 2060 824 2114 ἐγεννήθη.

520 2146 665 2191 923820
709 2148 919 2191 Fortunae
948 2146 1119 2203 reginae
1145 2148 1150 2202 Ι
1186 2147 1360 2191 merenti
1387 2148 1437 2192 T.
1467 2147 1654 2192 Marcius
1679 2147 1684 2203 Ι
1720 2149 1880 2193 Gamus
1908 2153 2007 2195 voto
2035 2155 2106 2205 po-

409 2213 486 2257 sito
512 2212 519 2270 Ι
555 2213 736 2258 reddidit
765 2229 814 2259 eo
843 2216 936 2259 loco
966 2214 1040 2258 ubi
1073 2216 1079 2271 Ι
1114 2220 1238 2269 natus
1265 2220 1337 2260 cst.
1378 2215 1385 2272 Ι
1434 2219 1551 2273 Τύχη
1582 2216 1795 2274 βασιλίσῃ
1827 2226 1898 2271 (sic
1926 2226 2105 2271 traditur)

410 2281 513 2333 ἀξία
542 2280 548 2336 Ι
577 2285 712 2333 Τίτος
731 2287 943 2340 Μάρκιος
962 2287 1003 2325 Γ
1001 2287 1115 2336 άμος
1141 2282 1148 2340 Ι
1175 2287 1302 2342 εὐχὴν
1322 2286 1428 2336 θεὶς
1458 2282 1688 2326 ἀπέδωκεν
1718 2287 1862 2327 τούτω
1893 2291 1955 2327 τῶ
1976 2288 2104 2327 τύπω

411 2350 465 2391 οὗ
491 2352 566 2392 καὶ
592 2349 598 2405 Ι
625 2354 854 2407 ἐγεννήθη.

520 2415 641 2460 Prope
663 2415 787 2461 Leflca
809 2415 1018 2462 Bithyniae,
1054 2428 1128 2453 non
1152 2418 1253 2463 longe
1273 2429 1298 2452 a
1320 2417 1458 2454 Nicaea
1480 2416 1683 2462 (Wieqand
1704 2416 1808 2452 misit
1827 2416 2009 2462 ediditque
2031 2417 2104 2453 ath.

406 2471 532 2506 Mitth.
555 2472 658 2507 1908
679 2483 722 2517 p.
746 2473 812 2507 151
841 2472 886 2507 ab
911 2472 985 2508 alio
1009 2473 1254 2519 descriptam).

520 2573 636 2618 9239
682 2574 778 2618 Iovi
807 2576 921 2630 Aug.
968 2577 973 2629 ι
1010 2575 1146 2620 Ultori
1176 2590 1343 2621 sacrum
1384 2575 1390 2633 ι
1431 2577 1478 2620 L.
1507 2575 1702 2621 Valerius
1731 2577 1936 2623 Paternus
1970 2576 1977 2631 ι
2018 2545 2103 2620 mis.

409 2643 490 2697 leg.
521 2644 565 2684 X
596 2642 729 2686 Gem.¹
757 2643 764 2696 Ι
789 2641 900 2698 optio
934 2645 962 2684 7
989 2642 1183 2687 Censoris
1213 2658 1287 2688 exs
1312 2644 1318 2701 Ι
1344 2649 1455 2689 voto.

525 2708 675 2744 Cluniae
697 2720 780 2754 rep.,
806 2710 858 2744 est
881 2709 1038 2745 Aranda
1053 2710 1096 2745 de
1111 2710 1236 2746 Duero
1261 2710 1402 2756 (Naval
1425 2711 1557 2747 boletin
1581 2711 1624 2747 de
1649 2711 1686 2747 la
1701 2711 1814 2747 Acad.
1840 2711 1884 2748 de
1901 2712 1938 2748 la
1952 2712 2105 2748 historia

410 2766 467 2810 52,
495 2765 594 2801 1908
610 2776 651 2810 p.
669 2766 768 2810 451).
795 2785 836 2791 -—
865 2768 896 2809 1)
919 2765 978 2801 De
995 2765 1129 2811 legione
1145 2767 1282 2802 decima
1303 2766 1458 2803 Gemina
1472 2767 1515 2803 in
1529 2767 1720 2813 Hispania
1743 2767 1906 2805 tendente
1927 2769 1977 2814 cf.
1991 2779 2105 2814 supra

408 2821 456 2857 N.
479 2822 595 2858 2256.
617 2822 733 2859 2707.
781 2821 948 2858 Titulum
977 2824 1160 2867 repertum
1188 2823 1230 2858 in
1260 2835 1303 2858 ea
1334 2823 1421 2860 urbe
1449 2823 1491 2860 in
1519 2836 1592 2869 qua
1615 2824 1736 2861 Galba
1761 2824 1962 2870 imperator
1982 2825 2103 2870 appel-

422 2880 506 2914 atus
521 2880 576 2914 eet
588 2877 653 2923 (cf.
677 2889 792 2924 supra
806 2878 855 2914 ad
870 2878 917 2914 N.
934 2878 1037 2922 237),
1062 2878 1218 2922 fortasse
1239 2881 1329 2915 reete
1352 2880 1468 2916 editor
1482 2881 1678 2927 Hispanus
1699 2881 1843 2918 rettulit
1861 2881 1911 2917 acl
1925 2881 2104 2917 eaecidium

408 2934 565 2971 Neronis
588 2935 829 2980 (quamquam
850 2933 929 2979 ipso
951 2933 1058 2970 initio
1081 2934 1166 2970 novi
1189 2931 1335 2981 imperii
1359 2936 1447 2982 leyio
1471 2937 1610 2974 decima
1631 2937 1758 2984 afuit).

520 3025 636 3070 9240
683 3024 808 3070 Marti
839 3026 845 3081 Ι
879 3024 1064 3070 Gradivo
1091 3027 1097 3075 Ι
1133 3027 1181 3069 L.
1213 3025 1368 3071 Didius
1396 3028 1628 3080 Maltinus¹
1658 3043 1771 3086 proc.
1812 3028 1818 3085 Ι
1861 3029 2022 3086 Augg.²
2052 3043 2103 3072 ex

409 3098 506 3139 vom
522 3094 713 3196 Lsfffiae
741 3170 815 3205 rep.
851 3159 1012 3205 (Mac-ias
1043 3160 1176 3197 boletin
1205 3161 1248 3196 de
1273 3161 1308 3196 la
1335 3161 1515 3198 Comisio'n
1545 3162 1588 3198 de
1623 3165 1873 3200 monumentos
1902 3162 1946 3199 de
1971 3162 2104 3198 Orense
2130 3190 2132 3192 μ
