2170 3458
775 242 895 280 'rituli
919 242 1109 279 militares.
1516 294 1520 297 .
1716 239 1804 276 LXI

128 320 130 322 ’
143 312 189 336 ω)
203 318 218 335 i>

116 356 188 373 ‘³
223 363 226 365 ’
360 361 418 396 t
436 358 527 407 legio
547 358 688 396 decima
701 357 898 400 Fretensis,
923 367 958 394 a.
978 357 1028 392 69
1044 367 1090 392 eae
1106 354 1306 402 legionibus
1322 351 1483 400 Aegypti
1502 352 1711 415 suppletum
1732 363 1806 388 esse

174 410 412 504 ’ξκῖωφλσυ
425 415 506 453 bell.
519 417 551 461 6,
564 417 599 459 1,
613 416 648 452 6.
662 435 704 442 —-
722 418 756 459 δ)
773 413 922 451 Similes
938 412 1143 450 testationes
1158 410 1362 447 habemus
1347 421 1390 446 in
1398 408 1561 456 papyris
1573 409 1806 456 Aegyptiacis

259 472 400 511 uun.
410 474 489 510 625
499 472 700 539 iisdemque
709 471 830 508 verbis
843 471 939 507 970:
953 469 1016 506 ille
1031 467 1419 516 ἐμαρτυροποιήσατο
1434 461 1724 513 ἐκγεγρά[φθαι]
1741 469 1806 503 καὶ

287 529 507 600 εβληκέναι
528 527 574 568 ἐκ
588 525 746 576 τεύχους
760 526 979 578 βιβλειδίων
999 528 1114 564 Τίτου
1131 525 1404 571 Πακτουμηίου
1421 520 1587 570 Μάγνου
1611 518 1804 569 ἐπ[άρχου]

351 580 472 626 λινε
441 602 474 638 φ
495 588 670 636 βιβλιδίῳ
693 584 983 634 ἐνγεγραμμένα
1005 597 1053 632 ην
1076 580 1125 621 τὰ
1140 578 1477 629 υπογεγραμμένα.
1504 578 1562 625 Of.
1578 578 1667 615 ibid.
1684 581 1806 615 1032:

223 616 616 694 μαρτυροποιήσεως
639 642 701 681 ἐπὶ
718 642 962 690 σφραγείδων
985 639 1195 689 γενομένην
1211 637 1426 684 (Wilcken).
1457 635 1660 682 Mispoulet
1674 637 1727 682 (p.
1740 638 1805 682 14)

194 700 412 740 Votorum
437 701 672 749 Quadratum
701 697 988 745 comprobavisse
1011 695 1314 743 (demonstrasse)
1344 705 1388 730 ea
1418 704 1510 740 quae
1540 693 1648 739 infra
1670 694 1807 739 scripta

186 755 353 797 δώσω
373 769 474 796 more
496 756 679 804 descripta
702 767 776 793 esse
798 767 844 792 επ
868 755 995 791 tabula
1018 755 1097 801 filma
1120 753 1161 789 in
1185 752 1361 789 Caesareo
1383 761 1526 815 magno,
1551 750 1702 796 prolato
1726 751 1807 797 dip-

141 812 187 866 ᾗ,
200 825 324 855 amec
346 814 427 853 eius
443 814 588 880 generis
609 825 702 860 quae
725 815 868 858 eoetant,
901 811 1044 848 munito
1068 809 1202 857 sigillis
1224 811 1359 855 septem
1382 807 1517 844 civium
1539 806 1806 852 Romanorum,

189 871 392 920 w‘asptem
376 872 410 909 σί
422 871 516 909 cives
531 870 696 909 Romani
709 870 899 906 veritatem
913 868 1116 914 scripturae
1136 866 1259 904 testati
1274 867 1381 902 erant
1395 865 1459 911 (cf.
1485 863 1571 901 Urlc.
1589 864 1689 901 Berl
1706 865 1807 902 Mus.

144 929 286 987 μθ]
308 945 354 960 -
380 930 506 966 7801).
524 931 588 965 15·
622 928 757 966 δέλτον
777 928 925 975 χαλκῆν
946 923 1336 973 ἐκσφρα[γισμένην].
1381 950 1390 959 .
1416 921 1590 970 κειμένης
1613 921 1656 959 ἐν
1673 919 1807 970 Ῥώμῃ,

227 987 333 1034 ...),·
365 985 431 1023 scd
454 985 580 1022 testari
602 995 678 1022 non
700 986 756 1021 est
775 983 1019 1030 comprobare.
1045 1002 1087 1008 —-
1128 984 1163 1025 6)
1186 979 1418 1026 recognitum
1440 978 1606 1023 faenum]
1631 979 1744 1016 etiam
1767 980 1810 1015 in

163 1061 166 1064 ⁴
217 1042 535 1091 <professionis
557 1041 770 1087 liberorum,
797 1041 841 1078 de
863 1051 937 1086 qua
959 1040 1006 1087 ef.
1029 1040 1104 1076 not.
1123 1040 1153 1074 1.
1179 1058 1221 1064 —-
1247 1040 1282 1080 7)
1306 1035 1561 1072 Aleoeandreae
1583 1036 1663 1072 sine
1687 1036 1806 1082 dubio,

130 1087 331 1187 {Benna
355 1099 452 1146 quod
473 1098 688 1136 vocabulum
711 1097 833 1134 omitti
855 1107 931 1134 non
946 1095 1084 1142 potuit.
1108 1116 1152 1122 —-
1183 1097 1218 1138 8)
1244 1093 1300 1130 Sc.
1326 1105 1345 1129 e
1368 1092 1473 1137 navi,
1498 1093 1556 1129 vel
1578 1105 1597 1129 e
1612 1095 1739 1138 portu.
1764 1115 1810 1120 —

227 1159 313 1195 et.
352 1176 394 1184 —
437 1159 493 1200 10)
515 1156 574 1193 14.
588 1155 686 1202 Sept.
702 1156 812 1191 88—
827 1155 883 1191 13.
897 1153 997 1199 Sept.
1013 1154 1074 1189 89.
1113 1173 1155 1178 —
1198 1154 1254 1195 11)
1281 1150 1339 1195 C'f.
1361 1159 1478 1196 supra
1499 1150 1546 1187 N.
1571 1151 1652 1185 269
1674 1152 1748 1187 not.
1774 1151 1810 1188 3.

209 1225 212 1230 ’
259 1231 264 1238 ¹
330 1212 467 1251 mentio
490 1212 614 1250 omitti
634 1222 710 1248 non
734 1210 869 1247 debuit.
894 1231 938 1236 —
965 1211 1020 1254 12)
1043 1208 1221 1245 Edictum
1236 1207 1301 1243 hoe
1315 1207 1529 1243 Domitiani
1552 1207 1603 1243 ad
1625 1209 1814 1245 veteranos

260 1269 537 1317 propositum
559 1280 659 1306 anno
686 1270 739 1305 88
762 1268 818 1305 vel
843 1269 903 1313 89,
933 1267 975 1303 id
998 1268 1052 1302 est
1074 1276 1113 1302 eo
1136 1266 1214 1312 fere
1238 1266 1397 1310 tempore
1419 1275 1488 1310 quo
1512 1264 1717 1301 Antonium
1741 1266 1810 1302 Sa-

179 1325 189 1337 ‘
238 1349 245 1354 Δ·
301 1326 407 1373 vicit,
441 1326 648 1373 formatum
670 1336 746 1362 esse
761 1326 858 1371 puto
885 1324 936 1361 ad
960 1323 1118 1360 edictum
1143 1321 1310 1358 Caesaris
1339 1321 1417 1357 divi
1438 1321 1525 1366 filii,
1559 1322 1719 1358 consulis
1743 1324 1810 1359 ter-

162 1383 443 1432 prope-itinn
464 1395 500 1420 a.
520 1383 589 1420 ⁷23
611 1382 652 1418 id
676 1383 730 1418 est
750 1392 833 1418 cum
855 1380 920 1417 ille
941 1382 1072 1417 eontra
1096 1378 1303 1416 Antonium
1319 1378 1613 1424 proficisceretur
1636 1379 1710 1424 (vel
1735 1379 1811 1425 for-

126 1486 146 1490 ,
162 1440 329 1488 ,penae
343 1443 483 1488 postea,
508 1442 616 1487 capta
631 1437 891 1483 Alea-andria),
917 1439 1102 1474 servatum
1116 1435 1223 1472 nobis
1245 1435 1289 1471 in
1304 1446 1454 1482 papyro
1485 1434 1572 1471 Urk.
1590 1435 1692 1472 Berl.
1709 1436 1810 1473 Mus.

116 1491 119 1497 ¹
139 1491 161 1526 Ῐ
189 1514 235 1529 -
257 1497 644 1535 Druna-Gramma
659 1509 702 1542 p.
718 1497 807 1541 239,
834 1495 900 1534 sed
921 1493 1132 1541 apographo
1155 1492 1446 1538 corruptissime.
1486 1492 1702 1529 Domitiani
1724 1505 1811 1539 quo-

135 1554 334 1642 edietum
353 1555 398 1593 in
419 1554 488 1592 hac
510 1554 639 1592 tabula
663 1553 784 1601 lignea
805 1552 912 1589 valde
938 1552 1166 1598 corruptum,
1191 1549 1340 1586 incuria
1362 1549 1571 1596 scriptoris;
1595 1550 1815 1587 accedebant

266 1611 415 1661 spatii
437 1610 504 1658 (cf.
519 1611 626 1658 infra
640 1613 716 1647 not.
731 1610 819 1656 19),·
843 1609 996 1655 denique
1019 1608 1107 1644 haec
1127 1619 1218 1654 pars
1243 1607 1392 1644 tabulae
1415 1607 1582 1653 difficilis
1599 1607 1700 1643 lectu.
1740 1606 1812 1643 Re-

175 1668 284 1723 fen
305 1679 399 1716 quae
418 1669 565 1716 primus
588 1668 706 1705 editor
728 1667 771 1703 in
787 1666 915 1703 tabula
934 1666 1059 1713 legisse
1073 1665 1146 1702 sibi
1160 1665 1263 1701 visus
1278 1666 1341 1701 est.
1365 1685 1407 1690 —
1435 1667 1491 1707 13)
1516 1664 1647 1701 Simile
1661 1663 1813 1700 initium

120 1728 162 1785 ,⁷
208 1725 432 1770 &mariani
453 1726 646 1773 (not.12).·
681 1724 802 1762 visum
827 1725 905 1768 [est]
931 1723 1144 1760 edicendum
1168 1722 1272 1765 mi[hi
1294 1722 1484 1764 veteJranis
1508 1722 1595 1758 dare
1620 1721 1812 1764 ommibus]

111 1767 160 1835 ἐξ
175 1790 223 1841 3⁰¹
259 1792 326 1820 e.
393 1804 440 1812 —
465 1785 522 1827 14)
546 1781 646 1830 Quid
660 1781 787 1827 subsit,
812 1792 888 1817 non
903 1783 1071 1828 apparet.
1107 1779 1290 1825 Fortasse,
1307 1789 1389 1815 cum
1408 1778 1582 1825 Oagnato,
1604 1779 1817 1826 legendum:

119 1835 159 1891 θ’
218 1857 232 1870 ιι
282 1839 390 1877 icet.
412 1859 456 1866 —
482 1842 539 1882 15)
563 1838 640 1876 Ser.
663 1838 846 1885 portoriis.
862 1858 909 1864 —
934 1841 991 1881 16)
1016 1837 1094 1874 Ser.
1118 1835 1249 1872 liberi?
1277 1835 1443 1871 Ueterum
1466 1835 1513 1880 cf.
1531 1836 1605 1872 cod.
1629 1836 1759 1872 Theod.
1784 1838 1811 1882 7,

105 1884 113 1897 '
221 1898 364 1942 —ffl·)
387 1895 450 1934 Sic
471 1896 589 1934 editor
610 1896 751 1943 (imago
774 1899 1016 1942 parentesque
1044 1893 1239 1938 admittit).
1269 1913 1315 1919 —
1352 1892 1413 1938 17)
1435 1892 1496 1928 De
1519 1892 1652 1929 soceris
1673 1895 1809 1930 vetera-

191 1952 412 2002 cogitavit
423 1952 634 2000 Mispoulet.
657 1953 789 1999 quibus
803 1964 892 1989 sane
906 1951 1104 1998 privilegia
1118 1950 1300 1996 quaedam
1316 1949 1531 1986 tribuuntur
1554 1949 1718 1986 oratione
1733 1950 1811 1986 divi

184 2009 274 2058 ’.ᾖ
292 2009 536 2048 Vat.195.—
559 2010 620 2053 18)
647 2009 721 2056 Qui
741 2021 860 2056 supra
886 2008 1016 2055 scripti
1037 2009 1133 2053 sunt.
1150 2027 1195 2034 —
1222 2009 1278 2045 19)
1301 2006 1484 2043 Eaetrema
1506 2006 1592 2043 haec
1613 2008 1670 2043 ita
1692 2019 1810 2044 coarc-

137 2068 272 2133 οισσσὲ
288 2066 412 2105 uteie>
425 2066 496 2114 legi
509 2068 646 2114 queant
667 2066 875 2113 (inclinatis
891 2065 986 2112 dedi,
1010 2076 1103 2112 quae
1115 2065 1238 2111 primo
1254 2063 1396 2107 editori,
1419 2063 1483 2109 qui
1496 2063 1618 2110 ipsam
1639 2064 1811 2101 tabellam

253 2123 428 2161 incerta
450 2133 526 2160 esse
545 2122 628 2160 visa
641 2125 748 2160 sunt:
781 2123 823 2159 in
843 2122 1007 2169 imagine
1030 2133 1076 2158 ecc
1098 2133 1206 2158 versu
1227 2120 1359 2157 ultimo
1381 2120 1485 2166 nihil,
1511 2132 1558 2157 ea·
1571 2122 1811 2167 praecedente

188 2182 366 2220 mium
381 2180 659 2246 agnoscuntur).
694 2181 864 2226 Apparet
877 2179 1050 2225 scriptori
1063 2179 1209 2215 nullum
1224 2178 1388 2224 spatium
1400 2189 1557 2215 vacuum
1571 2179 1807 2225 superfuisse,

188 2236 366 2276 -licuissc
394 2236 429 2274 ei
455 2237 499 2274 in
521 2237 680 2274 alteram
703 2236 867 2301 diptychi
893 2236 1066 2272 tabellam
1090 2236 1269 2280 transire,·
1301 2235 1436 2272 scilicet
1457 2246 1501 2271 ea
1523 2235 1640 2271 altera
1665 2235 1809 2280 tabella,

168 2295 307 2383 prior
323 2293 443 2342 Τισίεω
458 2294 635 2341 putanda
657 2296 723 2340 est,
748 2294 828 2330 iam
850 2294 988 2340 repleta
1012 2295 1109 2338 erat,·
1140 2292 1220 2329 sine
1243 2292 1354 2329 dubio
1377 2291 1419 2328 in
1442 2303 1486 2328 ea
1501 2292 1710 2338 perscripta
1734 2296 1813 2329 erat

200 2365 204 2377 =
295 2351 434 2397 ,cicius
453 2350 565 2397 finem
587 2351 762 2388 habemus
783 2351 826 2387 in
848 2351 960 2388 huius
981 2350 1101 2396 ipsius
1125 2349 1276 2386 tabellae
1298 2349 1408 2385 latere
1429 2361 1563 2386 averso.
1587 2371 1633 2376 —
1658 2354 1714 2394 20)
1737 2351 1810 2387 Νο-

122 2449 154 2465 θ,
163 2409 349 2466 Μυσίου
377 2408 524 2446 testium
553 2408 778 2456 (sigillorum
805 2407 960 2455 vestigia
993 2407 1208 2454 supersunt)
1238 2406 1302 2453 qui
1331 2406 1491 2453 ligneum
1521 2407 1586 2444 hoc
1614 2407 1811 2455 diptychon

65 2497 68 2502 .
115 2507 144 2511 ..
279 2487 281 2490 <
319 2489 335 2502 .
381 2464 470 2502 Non
497 2465 602 2502 casui
630 2467 752 2501 autem
782 2464 1018 2501 tribuendum
1041 2463 1198 2508 videtur,
1228 2463 1326 2509 quod
1353 2475 1399 2500 esc
1422 2475 1550 2500 novem
1578 2464 1636 2500 liis
1661 2465 1811 2501 testibus

207 2563 209 2565 ,
233 2548 239 2554 .
259 2521 418 2570 priores,
440 2522 562 2569 spatio
585 2533 698 2559 vacuo
721 2533 746 2558 a
767 2521 920 2568 reliquis
944 2521 1128 2568 dirempti,
1154 2521 1292 2558 tribum
1307 2520 1442 2557 habent
1462 2523 1499 2557 et
1512 2523 1661 2567 patrem
1685 2521 1810 2558 citant.

118 2618 125 2629 4
152 2613 154 2620 χ
295 2579 460 2616 veterani
496 2580 651 2626 fuerumt
689 2590 825 2624 omnes,
866 2579 1022 2626 fortasse
1060 2577 1321 2614 commilitones
1358 2577 1497 2614 Valerii
1535 2578 1730 2624 Quadrati.
1767 2600 1808 2605 -—

115 2633 124 2642 '
155 2676 159 2683 ,
229 2657 238 2667 ι
289 2652 293 2660 ’
317 2655 320 2659 ⁴
364 2664 375 2684 ‚
403 2638 531 2673 utrum
553 2635 780 2683 significetur
802 2636 920 2673 tribus
943 2635 1084 2679 Pollia,
1106 2646 1157 2671 an
1181 2635 1338 2671 alterum
1360 2646 1555 2682 cognomen
1577 2635 1742 2672 Antonii.
1766 2657 1811 2662 —

362 2695 379 2730 t
398 2692 486 2730 haec
508 2705 554 2730 ea:
577 2693 840 2739 constitutione,
865 2705 938 2739 qua
953 2692 1134 2729 militibus
1149 2691 1313 2728 dimissis
1332 2703 1367 2728 a.
1387 2692 1438 2728 93
1457 2703 1506 2729 ex
1521 2692 1657 2739 legione
1673 2693 1811 2729 decima

85 1992 119 2014 μ

126 2777 153 2802 ,2¹
189 2776 192 2780 ›
250 2748 260 2758 '
279 2749 455 2797 Μία
484 2749 748 2795 tribuebantur,
784 2749 926 2786 similia
954 2749 1137 2796 praemiis
1166 2748 1328 2785 militum
1359 2748 1698 2786 urbanicianorum.
1745 2749 1811 2785 In-

122 2799 172 2863 ’,ὅ
220 2804 492 2844 constitutionis
512 2806 633 2853 periit
659 2818 741 2843 cum
773 2807 904 2843 tabella
937 2806 1101 2854 diptychi
1123 2806 1252 2852 priore
1280 2805 1341 2852 (in
1363 2806 1430 2842 hac
1457 2806 1541 2852 ipsa
1565 2806 1698 2842 tabella
1728 2809 1817 2842 ante

124 2890 168 2929 {w
181 2881 211 2899 ε.»
260 2873 380 2901 orum
405 2873 546 2910 paucae
570 2865 714 2900 tantuma
738 2863 879 2900 litterae
894 2863 1118 2910 perierunt).
1166 2862 1313 2909 Scripta
1336 2865 1459 2899 autem
1482 2865 1537 2899 est
1558 2863 1644 2900 haec
1666 2863 1812 2910 pagina

128 2963 130 2967 y
191 2942 196 2953 ,
216 2914 433 2959 accuratius
451 2931 562 2966 quam
583 2920 712 2964 altera,
736 2920 935 2967 legiturque
953 2920 1032 2956 sine
1046 2921 1126 2957 ulla
1142 2920 1382 2966 difficultate;
1405 2921 1469 2957 sed
1485 2931 1706 2966 quamquam
1726 2932 1810 2966 gra-

143 2980 146 2983 '
239 3004 242 3009 -
272 2976 417 3014 meridie
438 2979 544 3022 caret,
569 2988 645 3013 non
667 2979 722 3014 est
742 2978 920 3014 immunis
942 2977 989 3014 ab
1013 2977 1309 3023 interpolationis
1331 2977 1545 3023 suspicione.
1562 2997 1607 3003 —
1631 2977 1693 3022 23)
1719 2976 1810 3012 Sub-

208 3033 354 3081 '.·(vel
375 3034 668 3080 suprascriptis).
703 3057 750 3063 —
786 3037 845 3080 24)
870 3034 946 3071 Scr.
971 3034 1106 3071 incisis.
1156 3035 1322 3071 Ceterum
1344 3034 1454 3070 verba
1477 3037 1517 3070 et
1539 3033 1665 3070 liberis
1689 3054 1733 3060 —
1757 3034 1810 3068 in-

143 3051 332 3134 αοοίωω
351 3093 442 3128 sunt
461 3091 526 3128 hoc
548 3091 632 3136 loco,
665 3091 822 3137 fortasse
843 3092 991 3129 intrusa
1014 3104 1038 3128 a
1060 3091 1235 3137 scriptore
1263 3091 1415 3138 (similis
1438 3091 1673 3137 interpolatio
1696 3101 1809 3135 supra

94 3139 261 3220 {ff-{870
272 3150 347 3186 not.
361 3148 434 3193 19).
458 3167 504 3174 —
527 3150 586 3190 25)
610 3147 753 3185 Milites
768 3148 913 3185 dimissi
928 3160 1000 3194 per
1016 3149 1174 3195 legatum
1190 3149 1348 3195 Augusti
1370 3149 1480 3184 etiam
1500 3159 1616 3193 supra
1632 3147 1679 3183 N.
1696 3147 1808 3182 2301.
