2170 3458
4 569 9 576 ι
0 557 4 563 -
0 513 8 546 ν·
0 491 9 506 2⁶
0 256 15 486 mavum-rw:

479 249 598 286 XVII.
623 248 808 286 Notabilia
825 248 939 286 varia.
956 268 1002 275 —-
1026 247 1199 294 Sepulcra
1215 257 1410 292 eorumque
1426 247 1517 282 iura.
1767 246 1848 284 947

726 362 1011 399 Acclamatioms
1033 360 1264 406 sepulcrales.

133 435 283 476 (nom
306 431 485 477 defuncti)
508 432 626 468 salve!
651 434 753 468 7732.
777 433 879 467 7751.
904 432 1005 467 8123.
1031 432 1120 466 8129
1131 438 1166 473 ες
1191 429 1238 474 cf.
1265 431 1354 465 8396

136 487 207 535 pie,
230 487 332 525 salve
356 491 447 525 4416
471 489 693 536 (Syracusis)

133 544 177 590 Q-
194 544 297 583 Avili
320 545 360 583 O.
376 546 403 582 f.
419 546 592 591 Lanvine,
617 545 734 582 salve!
759 541 900 582 Κόιντε
923 544 1104 582 Ἀουίλλιε
1133 544 1251 580 Γαίου
1276 541 1340 585 υἷέ,
1359 540 1533 587 Ῥωμαῖε,
1557 540 1716 587 χρηστέ,
1737 545 1852 586 χαῖρε

206 603 296 639 8203

132 659 286 701 (nomn
307 660 487 707 defuncti)
512 660 600 696 bene
625 659 837 705 adquiescas
862 661 952 694 7960

135 725 215 762 ave,
242 716 392 763 Alcime,
416 718 507 754 bene
530 717 599 754 tibi
622 716 672 753 sit
695 719 784 752 7552

139 773 243 821 habe,
266 774 398 822 Marce,
422 775 539 812 dulcis
563 775 711 818 amima]
737 775 824 810 1768

138 830 246 878 have,
269 831 440 878 Eugami,
463 831 676 869 dulcissima
698 830 796 867 infas
820 832 908 866 9442

141 887 232 924 bene
255 888 350 932 vale,
373 889 496 925 anima
519 889 729 926 dulcissima
752 890 842 924 9440

139 943 287 991 Eusebi,
310 945 404 982 have
428 950 467 982 et
490 946 590 991 vale;
617 946 671 989 (in
696 945 869 982 lateribus
893 939 1136 984 monumenti)
1161 939 1243 976 vale
1267 939 1414 985 Eusebi,
1439 949 1506 974 ave
1531 937 1666 974 Eusebi
1698 939 1786 973 8143

140 1001 293 1038 Amanti
314 1003 478 1048 mendax,
505 1003 602 1040 vale!
628 1003 792 1046 Amasti,
814 1008 926 1049 χαῖρε
951 1001 1039 1035 8142

139 1058 290 1103 (nomen
313 1059 520 1106 defunctae)
544 1071 612 1098 ave
637 1064 737 1108 8395,
768 1062 861 1098 have
889 1064 975 1098 1785

137 1121 181 1151 et
202 1118 248 1152 tu
269 1126 338 1153 ave
362 1119 452 1153 2249

141 1171 282 1218 positus
305 1177 454 1220 propter
477 1175 574 1211 viam
598 1178 642 1211 ut
664 1175 789 1211 dicant
812 1178 1091 1222 praeterientes:
1121 1179 1239 1225 ‘Lolli,
1265 1177 1343 1214 ave'
1368 1180 1458 1213 6746

138 1231 254 1275 resta,
276 1230 408 1278 viator,
433 1235 472 1268 et
494 1232 579 1277 lege
604 1252 645 1258 —
671 1232 803 1269 havete
827 1236 1055 1282 transitores,
1079 1236 1200 1272 balete
1225 1235 1439 1272 transitores
1467 1236 1556 1270 2783

141 1285 366 1334 adulescens,
390 1289 540 1325 tametsi
563 1300 744 1335 properae,
770 1291 828 1327 hic
852 1294 889 1327 te
906 1293 1071 1329 saxsolus
1095 1296 1203 1338 rogat
1226 1297 1270 1329 ut
1294 1303 1332 1328 se
1354 1291 1520 1338 aspicias,
1543 1290 1673 1327 deinde
1697 1293 1740 1326 ut
1765 1289 1859 1335 quod

211 1344 392 1391 scriptust
413 1346 534 1392 legas:
558 1346 619 1384 hic
641 1350 728 1383 sunt
752 1358 833 1384 ossa
856 1348 960 1385 illius
987 1350 1062 1386 sita
1085 1352 1147 1386 cet.
1176 1353 1265 1386 7703

143 1400 239 1446 vale,
262 1401 384 1439 viator
407 1423 454 1430 —
475 1410 599 1450 χαῖρε,
626 1407 837 1450 παροδεῑτα
866 1409 952 1442 1961

143 1456 254 1495 bonas
277 1459 370 1503 vias,
399 1459 522 1497 viator
545 1464 635 1498 8136

142 1516 187 1551 tu
211 1515 275 1561 qui
298 1515 394 1563 legis
416 1518 499 1554 vale
522 1523 562 1554 et
585 1529 668 1554 cum
692 1519 790 1555 voles
817 1519 966 1563 [velnito
997 1524 1015 1555 7
1022 1524 1087 1557 553

143 1572 276 1618 tuqui
298 1572 405 1621 legis,
429 1575 522 1612 vade
546 1575 584 1611 in
601 1575 768 1621 Apolinis
793 1576 919 1621 lavari,
946 1577 1042 1622 quod
1066 1588 1135 1622 ego
1159 1587 1241 1613 cum
1259 1576 1413 1622 coniuge
1430 1576 1517 1612 feci:
1542 1576 1672 1613 vellem
1696 1575 1727 1611 si
1744 1574 1863 1610 adhuc

211 1639 354 1675 possem
377 1633 467 1668 8158

143 1686 284 1734 hospes,
307 1688 448 1733 resiste,
479 1692 518 1726 et
541 1689 613 1726 nisi
635 1690 827 1726 molestust
851 1691 1011 1737 perlege.
1051 1690 1136 1727 Noli
1160 1694 1372 1727 stomacare.
1414 1689 1555 1727 Suadeo
1580 1688 1723 1725 caldum
1749 1687 1863 1723 bibas.

212 1743 453 1782 Moriundust.
477 1745 568 1783 Vale
597 1749 688 1782 7734

145 1799 275 1848 hospes
297 1801 428 1839 resiste
441 1805 526 1850 cet.;
547 1814 637 1849 rogo
662 1807 700 1839 te
724 1803 855 1847 viator,
880 1807 1112 1840 monumento
1137 1804 1221 1840 huic
1244 1804 1298 1840 nil
1322 1803 1419 1840 male
1442 1802 1572 1839 feceris
1596 1803 1645 1844 (et
1662 1802 1749 1847 post
1771 1799 1865 1844 alia)

213 1858 346 1905 viator,
371 1860 470 1896 vale!
494 1863 583 1896 7602

147 1914 264 1963 homo,
289 1916 426 1954 violare
449 1917 536 1962 noli,
560 1918 592 1954 si
616 1924 654 1954 te
678 1919 894 1954 moriturum
920 1921 1030 1964 putas
1056 1920 1144 1954 7519

146 2029 258 2066 have!
282 2034 322 2066 et
345 2033 389 2067 tu
413 2030 620 2068 memineris
646 2034 735 2068 8419

146 2097 266 2137 ‘have'
291 2099 400 2144 (‘ave'
427 2100 529 2147 5121)
632 2100 756 2137 “vale”
783 2103 883 2136 5121.
910 2103 999 2137 9438

148 2154 266 2203 qnare,
291 2155 448 2194 Naevi?
633 2157 771 2194 “salvos
795 2157 858 2201 sis,
882 2157 1047 2203 quisquis
1069 2166 1108 2192 es
1117 2155 1136 2172 ”
1160 2159 1251 2191 7534

149 2211 370 2260 ‘Pi-imitus,
395 2213 522 2251 have’!
632 2218 690 2250 “et
712 2218 767 2261 tu,
791 2214 957 2260 quisquis
982 2225 1031 2259 es,
1057 2212 1167 2250 vale''
1198 2215 1287 2248 8165

149 2269 290 2316 ‘amice,
314 2270 423 2307 have!
635 2275 691 2308 ‘et
714 2272 812 2308 vale!
838 2282 907 2317 ego
930 2271 987 2307 hic
1012 2271 1107 2306 situs
1131 2269 1240 2306 sum’'
1266 2272 1354 2306 6192

150 2324 269 2371 mave,
291 2326 463 2374 Di(a>e!’
635 2329 744 2365 'bene
767 2329 903 2375 valeas,
934 2328 1098 2374 quisquis
1123 2327 1188 2364 es”
1300 2365 1311 2387 ¹

151 2381 270 2427 mave,
294 2383 441 2421 rhais?
637 2386 709 2422 «(111
732 2386 800 2422 tibi
825 2387 915 2423 bene
940 2385 1106 2422 faoiant⁷²
1218 2330 1237 2429 }
1274 2364 1364 2398 ⁶·⁵⁶

151 2438 270 2484 ‘herm
298 2439 427 2479 Victor
449 2441 516 2480 Fa·
637 2444 692 2479 ‘di
713 2454 776 2479 vos
800 2443 891 2480 bene
914 2443 1063 2487 faciant,
1088 2442 1203 2484 amici,
1217 2445 1267 2477 et
1291 2451 1364 2484 vos,
1390 2439 1561 2479 viatores,
1594 2435 1761 2472 habeatis
1785 2436 1870 2472 deos

220 2496 361 2535 biano?
700 2500 890 2547 propitios,
915 2500 979 2546 qui
1003 2500 1188 2536 Victorem
1213 2525 1222 2534 .
1240 2525 1248 2534 .
1267 2524 1275 2533 .
1299 2507 1372 2533 non
1394 2494 1613 2543 praeteritis.
1641 2492 1742 2529 Salvi
1766 2494 1869 2538 eatis,

702 2557 797 2593 salvi
821 2557 992 2601 redeatis,
1020 2561 1058 2593 et
1082 2567 1146 2593 vos
1170 2555 1234 2601 qui
1259 2565 1316 2591 me
1339 2552 1520 2590 coronatis
1545 2551 1604 2587 vel
1629 2549 1735 2586 flores
1759 2550 1871 2586 iacta-

701 2616 762 2659 tis,
786 2614 912 2650 multis
937 2613 1042 2650 annis
1067 2612 1242 2649 faciatis’‘
1277 2614 1363 2647 1967

291 2669 432 2707 similia
447 2672 603 2718 passim,
621 2671 862 2717 potissimum
887 2673 975 2707 8121
990 2682 1059 2716 seq.

821 2808 918 2844 Iura
940 2807 1201 2853 sepulcrorum.

155 2874 334 2920 permissu
357 2875 517 2912 Manliae
540 2876 719 2912 Ariadnes
743 2886 836 2921 quae
859 2875 917 2911 ius
939 2875 978 2912 in
1004 2875 1070 2911 hoc
1095 2874 1356 2918 momumento)
1380 2872 1516 2915 hab(et)
1551 2874 1654 2913 1642;
1696 2869 1873 2915 permissu

201 2931 305 2968 illius
331 2934 435 2979 1834,
466 2932 638 2970 beneficio
660 2932 765 2968 illius
788 2935 890 2968 7429.
916 2934 1016 2978 8307,
1051 2943 1097 2968 ex
1123 2931 1360 2977 indulgentia
1381 2929 1486 2966 illius
1511 2930 1599 2964 8306
1614 2930 1677 2963 cet.

157 2985 260 3026 locus
283 2999 471 3026 concessus
495 2990 541 3027 ab
565 2990 631 3026 illo
658 2992 757 3033 1647,
787 2989 887 3025 locus
911 2999 1103 3026 concessus
1127 2991 1216 3024 2370

157 3045 286 3091 lodus)
309 3050 498 3093 grummo)
521 3047 657 3090 danus)
680 3047 726 3082 ab
750 3046 816 3082 illa
840 3049 927 3082 8507

158 3103 237 3141 loco
260 3103 386 3150 legato
411 3104 456 3140 ab
479 3104 544 3140 illo
571 3107 675 3148 1690;
706 3103 783 3139 loco
807 3103 877 3139 sibi
900 3103 1034 3139 donato
1061 3113 1084 3138 a
1107 3104 1259 3148 patrono
1285 3103 1373 3136 8265

158 3160 262 3198 locus
284 3160 393 3198 datus
415 3171 440 3197 a
462 3161 664 3208 pontium>
687 3159 879 3205 (Mi-senff)
904 3162 994 3196 2856
