2170 3458
844 211 944 248 X1v.
970 211 1149 258 omina.
1668 204 1673 207 ’
1791 218 1874 256 747

21 371 24 374 Δ
83 327 92 339 '⁵
150 318 327 374 'taulus
348 319 410 357 hic
434 321 522 358 Vari
546 325 602 359 est
626 333 715 368 opus
740 323 884 361 Alcinoi
908 327 998 361 6029

75 378 124 430 ''J-'⁵
157 374 302 425 homes,
325 377 373 414 ad
394 377 492 415 hunc
515 380 697 416 tumulum
721 391 768 418 ne
793 381 905 435 meias
929 393 1011 419 ossa
1033 385 1228 429 precantur
1251 385 1341 420 8204

141 431 224 473 me
245 445 316 482 ego
338 435 539 472 Pannoniis
563 437 743 481 quondam
766 437 979 477 notissimus
1003 440 1075 477 oris
1099 443 1189 477 2558

156 490 225 529 me
248 501 319 539 ego
342 503 423 529 snm
447 492 623 530 Proculus
646 497 746 531 totus
771 494 833 539 qui
856 498 964 533 natus
986 497 1115 544 honori
1145 500 1233 535 1242

71 547 102 599 13?
156 547 353 589 immatura
376 548 479 595 quies
504 561 593 595 quos
617 551 774 596 apstulit
795 551 856 590 hic
879 552 943 590 siti
967 557 1054 591 sunt
1076 557 1152 592 tres
1176 557 1265 591 5265

69 603 110 661 ⁴}
157 603 348 651 inpensae
371 615 517 643 causam
541 607 690 644 titulum
715 607 778 652 qui
799 609 971 656 perlegis,
998 611 1084 648 andi
1109 613 1197 647 7870

0 672 1 687 ¹
70 679 83 702 ε,
156 661 300 700 inclusa
321 661 393 700 hoc
414 663 556 700 tumulo
581 663 732 701 Crocine
757 667 846 702 8130

71 753 76 758 .
155 718 278 757 incola
299 718 453 766 mutae,
475 721 669 758 venatibus
692 721 833 759 incluta
854 723 961 769 virgo
984 727 1072 761 3261

154 774 333 814 innocuus
356 777 455 823 Aper
478 787 562 814 ecce
583 778 693 824 iaces,
716 790 788 816 non
815 780 968 827 virginis
991 781 1047 818 ira
1076 785 1163 818 7737

68 830 90 884 [J
110 851 115 856 ·
156 832 198 871 in
221 836 389 879 quartum
413 845 567 881 surgens
592 846 825 881 comprensus
850 837 1032 884 deprimor
1056 849 1190 876 annum
1215 841 1304 876 8522

79 915 81 918 -
154 889 252 928 inter
275 902 363 929 avos
384 902 610 938 proavosque
633 895 716 930 tuos
740 897 978 940 sanctumque
1001 898 1189 941 parentem
1216 899 1304 934 1264

154 947 336 995 interpres
359 948 485 987 divum
509 949 602 987 caeli
625 951 842 996 terraeqme)
867 955 1006 988 meator
1029 955 1119 988 3200

63 1035 65 1037 .
154 1004 258 1043 intus
280 1015 396 1051 aquae
420 1006 545 1044 dulces
568 1007 724 1052 biboque
748 1007 880 1052 sedilia
903 1020 990 1046 saxo
1015 1009 1167 1057 (Vergil.
1184 1010 1278 1047 Aen.
1293 1011 1326 1055 1,
1340 1011 1428 1058 16⁷)
1453 1014 1564 1048 5732·

66 1078 74 1085 ·»
153 1060 284 1101 invida
303 1065 442 1109 puncta
465 1063 594 1100 iubent
616 1063 724 1101 felice
746 1064 872 1102 ludere
897 1066 1042 1103 doctum
1067 1069 1179 1102 8626·ἓ

63 1127 89 1173 ‚J
152 1117 280 1157 invida
301 1119 445 1158 sidereo⁴
466 1124 683 1167 rumpantur
704 1124 854 1166 pectora
875 1122 958 1160 visu
982 1125 1070 1159 6041

56 1218 63 1225 Δ
152 1174 269 1220 Iulius
291 1175 507 1223 Ingenu(u)s
531 1177 609 1215 obit
631 1178 670 1214 in
695 1178 817 1215 Gallia
840 1183 955 1217 morte
979 1182 1069 1217 2380

152 1231 212 1270 ius
235 1233 283 1270 ad
305 1233 486 1272 iustitiam
509 1245 680 1273 revocare
703 1246 930 1281 aequumque
954 1236 1050 1274 tueri
1074 1238 1161 1273 8987
1231 1240 1233 1242 ’

152 1288 322 1328 Iustitiae
343 1290 491 1329 Nemesi
513 1292 616 1329 Fatis
640 1302 746 1337 quam
771 1296 922 1330 voverat
945 1304 1044 1330 aram
1069 1297 1157 1330 3737

153 1369 163 1385 ι
181 1373 190 1382 .
207 1374 216 1383 .
240 1347 365 1395 [l]atet
386 1349 456 1386 hoc
480 1350 712 1395 Am[y]mone
735 1350 927 1397 sepulchro
957 1353 1046 1386 7477

154 1404 357 1451 [laudJatus
379 1406 524 1452 populo,
549 1406 680 1444 solitus
704 1406 876 1444 mandata
898 1407 1033 1444 referre
1057 1410 1144 1443 5201

153 1461 248 1498 liber
270 1472 368 1499 nunc
391 1462 489 1500 curis
511 1463 641 1500 fuerim
667 1463 740 1509 qui,
763 1463 904 1510 respice
926 1464 1042 1501 lector
1066 1466 1154 1500 7542

151 1517 346 1556 libertinus
370 1529 468 1556 eram
491 1520 610 1557 fateor
633 1520 698 1559 sed
719 1520 819 1557 iacta
841 1521 986 1567 legetur
1011 1523 1099 1559 1949

150 1574 320 1613 litoribus
343 1576 477 1614 vestris
501 1576 671 1621 quoniam
695 1577 925 1623 certamin[a]
947 1577 1085 1615 laetum
1115 1580 1204 1614 3385

150 1644 286 1682 magna
307 1633 466 1671 hominis
487 1634 549 1671 hic
573 1645 656 1671 ossa
677 1634 804 1680 teg[it]
828 1645 955 1672 saxsus
980 1637 1069 1671 8399

150 1702 283 1738 magne
310 1691 417 1728 deum
442 1691 591 1730 Silvane
613 1694 755 1738 potens,
779 1692 1008 1729 sanctissime
1031 1696 1158 1738 pastor
1181 1696 1270 1729 3530

149 1748 350 1786 Mercurius
373 1749 435 1786 hic
457 1749 598 1786 lucrum
620 1749 816 1795 promittit,
840 1749 972 1795 Apollo
996 1751 1153 1788 salutem
1184 1754 1272 1787 6037

149 1805 295 1843 moenia
318 1805 382 1851 qni
403 1805 550 1843 Risinni
573 1806 720 1853 Aeacia,
746 1807 808 1851 qui
832 1807 921 1844 colis
946 1818 1064 1845 arcem
1089 1810 1179 1844 4881

149 1863 355 1900 morborum
377 1863 472 1901 vitia
495 1866 534 1900 et
555 1863 655 1901 vitae
679 1864 776 1900 mala
799 1864 958 1900 maxima
979 1864 1062 1912 fugi
1091 1868 1181 1901 6729

149 1919 309 1958 moribus
331 1920 394 1957 bic
417 1921 573 1967 simplex
597 1921 689 1957 situs
714 1923 771 1958 est
793 1921 898 1959 Titus
921 1922 1047 1959 Aelius
1071 1922 1228 1959 Faustus
1258 1925 1347 1960 9022

150 1977 267 2014 multa
288 1977 399 2015 nimis
421 1977 513 2014 fides
537 1978 729 2024 operisque
750 1981 900 2025 paratus
925 1981 1014 2015 5886
1026 1980 1091 2025 fin.

46 2050 49 2051 ⁷
149 2045 300 2073 munera
322 2045 438 2082 parva
461 2035 606 2080 quidem
629 2035 760 2081 pretio,
784 2036 850 2072 sed
870 2036 1068 2075 honoribus
1092 2037 1188 2073 alma
1214 2040 1300 2074 1807

43 2095 69 2101 ”
145 2090 274 2130 Nuda
294 2095 404 2139 poeta
426 2093 568 2139 pudens
591 2093 660 2130 hoc
683 2093 824 2139 tegitur
845 2094 987 2133 tumulo
1011 2096 1101 2142 7785

2 2139 6 2148 '
147 2151 258 2186 natus
281 2160 362 2186 sum
385 2160 528 2186 summa
550 2149 590 2187 in
612 2150 798 2197 pauperie,
821 2151 937 2188 merui
959 2154 1045 2197 post
1067 2151 1241 2189 classicus
1265 2152 1371 2190 miles
1395 2155 1488 2189 2905

147 2216 279 2243 nomen
305 2205 367 2252 qui
389 2207 550 2244 retinens
573 2210 616 2244 tu
641 2218 796 2254 mag-nus
820 2207 1027 2246 Alexander
1053 2210 1144 2244 7800

146 2273 222 2300 non
242 2263 382 2301 fueram
404 2275 478 2301 non
501 2275 581 2301 sum
610 2266 700 2300 8165

146 2329 222 2357 non
243 2319 377 2367 fueras,
399 2331 497 2359 nnnc
520 2332 572 2367 es,
595 2321 728 2358 iterum
751 2332 849 2358 nunc
871 2321 1016 2360 desines
1041 2333 1120 2360 esse
1148 2324 1235 2359 8167

147 2377 309 2427 numinis
331 2378 490 2416 *antistes
515 2378 665 2415 Sabanis
687 2378 903 2416 Vincentius
925 2378 986 2416 hic
1009 2378 1095 2425 e[st]
1127 2383 1214 2419 3961

149 2433 300 2472 obtullit
321 2435 475 2482 imperio
497 2436 702 2482 praefectus
727 2464 736 2472 .
754 2464 763 2473 .
781 2463 789 2472 .
806 2463 815 2472 .
840 2437 908 2472 834

148 2490 236 2528 olim
258 2503 332 2529 non
354 2493 502 2539 fuimus,
524 2493 605 2530 nati
627 2504 763 2539 sumus,
785 2492 882 2530 unde
906 2493 1021 2538 quieti
1043 2495 1133 2530 8166

34 2590 40 2599 ρ
73 2591 75 2593 ,
147 2548 235 2586 olim
258 2549 385 2588 Victor
406 2561 497 2589 avus
520 2551 620 2588 caelo
645 2551 797 2591 devotus
821 2554 860 2588 et
882 2550 990 2589 astris
1019 2553 1110 2588 4269

146 2607 315 2652 optamus
338 2608 461 2645 cuncti
484 2608 535 2645 sit
556 2607 626 2645 tibi
648 2610 747 2644 terra
768 2607 860 2646 levis
889 2610 980 2645 2205

55 2675 71 2691 ·
129 2662 249 2700 *oravi
271 2673 400 2700 causas
422 2664 514 2702 felix
536 2665 621 2702 dum
645 2665 757 2702 tertia
779 2677 852 2714 non
875 2666 941 2713 lux
963 2667 1052 2702 7747

147 2718 336 2758 ordinibus
359 2720 541 2768 Scythicis
564 2732 669 2758 curas
693 2722 756 2767 qui
779 2722 930 2760 sustulit
952 2733 1081 2769 aegras
1104 2724 1195 2760 7186

145 2778 247 2814 ortas
270 2777 316 2815 ab
339 2777 470 2825 Iguvio
493 2779 654 2816 medicus
677 2779 757 2817 fora
779 2780 897 2825 multa
917 2783 1065 2820 secutus
1088 2783 1179 2828 7794

147 2844 231 2871 ossa
251 2852 282 2866 υ
303 2834 366 2872 hic
389 2835 463 2873 sita
485 2839 572 2873 sunt
593 2846 703 2866 υυ-
728 2837 944 2883 cognomine
967 2837 1064 2879 vixit
1085 2839 1175 2883 7977

146 2901 229 2929 ossa
250 2891 329 2938 piis
352 2891 563 2939 cineresque
587 2894 682 2932 sacri
702 2894 766 2940 bic
786 2905 871 2933 ecce
895 2894 1088 2942 quiescunt
1108 2897 1198 2934 7980

146 2959 229 2987 ossa
251 2949 376 2994 quieta
397 2961 526 2997 precor
549 2951 681 2998 Zopyri
704 2951 937 2996 requiescunt
957 2951 997 2990 in
1017 2963 1111 2998 urna
1131 2955 1223 3001 6801

77 3032 82 3035 ἡ
145 3005 342 3053 [Pathbea
365 3008 546 3056 cornigeri
571 3009 683 3046 sacris
707 3008 879 3047 adiuncta
903 3009 1078 3052 Tonantis
1108 3012 1200 3058 4428

144 3072 265 3110 parce,
286 3063 373 3110 pise
395 3075 532 3113 manes,
555 3066 611 3103 ita
633 3069 671 3104 te
693 3069 759 3104 tua
780 3068 869 3108 vota
889 3069 1089 3116 seqmtur
1111 3067 1226 3116 8195·

144 3120 296 3167 parcitis
318 3120 446 3160 heredi
469 3126 508 3160 et
528 3134 595 3162 vos
618 3123 822 3162 insentibus
845 3124 969 3170 dedite
987 3125 1102 3177 2¹²0&
1125 3127 1192 3167 908

1510 3185 1589 3221 48*
