2150 3502
841 295 1036 334 Praefatio.
1766 299 1800 336 V

194 407 420 457 Thesauro
449 408 552 454 huic
571 408 892 467 inscriptionum
925 410 1173 455 Latinarum
1206 411 1472 468 congerendo
1504 416 1543 455 et
1563 413 1801 469 supplendo

255 477 349 524 fere
376 476 569 524 nationes
589 478 785 535 Europae
814 482 910 532 (nec
937 478 1023 524 iam
1055 479 1188 524 solius
1207 480 1434 537 Europae),
1453 485 1587 536 prout
1611 486 1802 537 tempora

141 569 185 582 ω
239 550 272 591 t
305 546 376 592 vel
413 545 527 592 vires
566 546 877 604 permittebant,
914 561 1086 604 operam
1118 547 1340 604 dederunt,
1379 547 1504 592 etiam
1535 547 1709 603 regione
1739 563 1801 593 re-

146 603 151 614 ’
208 619 291 660 et
318 614 439 659 nulla
466 613 643 671 antiqua
667 614 972 660 communione
1003 630 1100 660 cum
1130 616 1292 660 mundo
1313 616 1506 660 Romano
1538 615 1800 670 coniunctae,

156 682 295 728 ulla
322 681 474 740 opinor
503 682 643 739 magis
674 697 804 739 quam
827 683 1057 728 Germania
1086 688 1241 740 nostra,
1272 689 1383 729 certe
1407 684 1580 728 saeculo
1612 699 1662 729 eo
1684 686 1800 761 quod

155 747 414 808 praeteriit,
445 764 530 807 quo
551 750 691 795 virum
722 750 818 796 tulit
846 752 994 808 magni
1023 752 1156 797 animi
1186 757 1226 796 et
1253 752 1600 809 incomparabilis
1628 752 1801 809 ingenii,

138 813 162 871 '4
210 817 446 864 studiorum
484 817 629 875 generi
668 818 855 864 maxime
893 820 1101 876 deditum,
1145 821 1469 865 Theodorum
1501 821 1800 875 Mommsen,

204 909 224 924 ι·
244 884 254 894 ’
320 885 640 944 inscriptionum
679 887 929 932 Latinarum
971 888 1244 934 conditorem.
1313 887 1394 933 Hic
1431 887 1507 944 vir,
1552 887 1674 934 cuius
1713 890 1799 934 dis-

138 951 225 1003 f?
209 987 225 993 ψ
265 968 343 1012 per
369 969 508 1012 paene
538 955 711 1032 triginta
739 970 876 1001 annos
904 956 990 1001 frui
1019 957 1152 1014 potui,
1190 956 1413 1002 volumina
1443 957 1549 1001 haec
1583 957 1801 1002 nascentia

132 1018 187 1083 gs?
214 1027 257 1074 et
283 1023 484 1080 plagulas
513 1023 670 1081 operis,
715 1028 945 1081 antequam
984 1025 1218 1080 ederentur,
1263 1025 1407 1081 quoad
1436 1024 1559 1082 vixit,
1604 1039 1701 1070 cum
1732 1040 1800 1070 as-

235 1090 426 1149 perlegit.
485 1092 539 1136 In
570 1092 824 1137 Mommseni
854 1094 1008 1151 locum,
1043 1093 1232 1139 defuncti
1262 1108 1301 1139 a.
1327 1097 1449 1146 1903,
1485 1095 1612 1138 etiam
1642 1093 1687 1138 in
1718 1094 1801 1139 hac

134 1178 196 1214 p
221 1158 362 1204 »ιι-Νι
390 1159 512 1206 Otto
533 1159 875 1220 Hirschfeld,
904 1176 1004 1207 nam
1036 1160 1106 1207 hic
1136 1176 1309 1218 quoque
1337 1163 1534 1219 plagulas
1564 1177 1682 1208 meas
1711 1163 1800 1207 fere

144 1224 220 1278 ,52:⁴3
255 1228 436 1286 perlegit
469 1230 592 1274 etin
621 1228 764 1274 dubiis
793 1231 920 1275 rebus
949 1231 1148 1287 prudenti
1186 1244 1266 1275 suo
1299 1230 1476 1275 consilio
1506 1230 1800 1276 liberalissime

148 1291 354 1343 adiuvit.

131 1359 314 1433 {Opus
337 1364 640 1411 inchoaveram
671 1370 712 1410 et
738 1379 875 1423 paene
904 1366 961 1411 ad
980 1366 1112 1411 finem
1140 1367 1429 1424 perduxeram
1461 1373 1651 1424 tempore
1681 1367 1800 1423 pacis

122 1479 138 1486 „
166 1452 202 1470 ἰι
233 1454 237 1471 ι
260 1454 263 1471 .-
288 1454 298 1472 ·-
343 1447 474 1491 quam
503 1448 591 1480 non
619 1439 835 1479 aeternam
866 1459 921 1467 —-
952 1435 1035 1480 hoc
1064 1434 1177 1480 enim
1207 1441 1361 1480 natura
1388 1436 1581 1480 humana
1609 1450 1694 1481 non
1724 1436 1800 1480 ad-

123 1547 126 1550 .
223 1503 388 1548 —sed
413 1503 541 1559 longe
575 1503 687 1548 ultra
722 1502 1062 1560 uniuscuiusque
1091 1509 1280 1549 nostrum
1313 1503 1426 1549 vitae
1455 1504 1640 1561 spatium
1672 1505 1799 1549 dura-

101 1567 157 1623 ,ᾗ
252 1565 398 1629 c'upidi
433 1570 767 1628 credideramus,
812 1571 1047 1617 simultates
1086 1572 1121 1618 si
1163 1587 1275 1629 quae
1313 1578 1432 1617 erant
1469 1573 1577 1617 inter
1618 1574 1799 1630 populos

107 1634 213 1677 ’·’“ιι
236 1659 269 1676 -s
320 1638 559 1697 principum
592 1639 790 1697 componi
827 1653 952 1695 posse
985 1646 1196 1698 putantes.
1256 1641 1342 1686 Sed
1372 1655 1470 1698 spes
1497 1641 1660 1686 fefellit.
1717 1642 1799 1685 Re-

110 1694 354 1753 1'aturbo
385 1713 558 1753 exortus
587 1713 667 1765 est,
708 1713 750 1753 et
776 1708 888 1754 intra
916 1723 1079 1766 paucos
1109 1709 1199 1754 dies
1229 1710 1363 1755 facies
1393 1711 1591 1773 Europae
1622 1715 1797 1755 mutata.

84 1799 153 1845 ,5¹
194 1774 228 1820 i
233 1775 409 1855 ‘populi
447 1781 594 1822 contra
628 1790 706 1822 nos
742 1776 892 1832 coorti3
936 1780 991 1822 ab
1030 1783 1216 1823 extremo
1262 1780 1363 1823 orbe
1397 1778 1633 1824 adversarii
1677 1779 1799 1823 nobis

80 1849 202 1901 ’ζ’-’ϊ·
228 1843 268 1902 ·';
302 1844 444 1890 medio
472 1844 516 1889 in
548 1845 790 1891 discrimine
820 1848 875 1891 ab
905 1846 1056 1892 amicis
1085 1845 1220 1892 relicti
1249 1861 1410 1892 sumus.
1472 1848 1616 1893 Hodie
1645 1847 1800 1892 virtute

213 1911 224 1921 ”
271 1913 516 1959 Germanici
562 1913 747 1972 impetus
796 1915 1139 1960 adversariorum
1195 1917 1356 1973 repulsi
1406 1921 1525 1972 sunt;
1585 1916 1662 1961 sed
1709 1931 1798 1973 pax

83 1951 268 2026 ²“mim
302 1986 442 2038 parta,
485 1996 592 2039 pace
625 1987 767 2028 autem
809 1983 925 2028 facta
968 1982 1153 2028 solitudo
1198 1998 1276 2028 nos
1319 1984 1503 2041 excipiet
1546 1989 1587 2028 et
1631 1984 1800 2039 orbitas,

169 2071 177 2086 -.
213 2048 445 2095 iuventutis
488 2049 820 2096 clarissimarum
865 2051 1084 2097 nationum
1132 2051 1325 2097 extincto.
1385 2053 1441 2096 At
1484 2052 1521 2097 si
1564 2053 1798 2109 aliquando

70 2110 82 2154 ·.'
192 2118 331 2164 solum
360 2133 448 2176 pax
476 2118 647 2164 redierit
675 2120 751 2164 sed
781 2119 907 2164 etiam
938 2119 1220 2177 tranquillitas
1250 2121 1510 2178 animorum,
1543 2126 1583 2166 et
1611 2121 1798 2166 mundus

71 2213 96 2239 ‚1
166 2207 171 2224 ι
246 2208 255 2225 ι
315 2206 326 2226 ·-
365 2186 567 2245 coeperit,
610 2193 712 2233 tunc
746 2188 854 2233 haec
888 2188 1164 2245 reliquiarum
1204 2189 1355 2234 mundi
1397 2190 1562 2266 antiqui
1607 2189 1796 2235 collectio

167 2254 318 2301 doctae
366 2255 623 2301 Germaniae
672 2256 823 2302 honori
872 2257 949 2302 erit
997 2263 1037 2302 et
1084 2257 1286 2303 studiosis
1335 2259 1526 2303 omnium
1575 2258 1795 2303 nationum

140 2426 148 2453 ἑ
192 2413 283 2462 Sor.
302 2414 488 2460 Berolini
518 2429 663 2460 mense
690 2415 793 2473 Apr.
815 2415 1061 2461 MOMXVI.

74 2493 82 2519 ”
1446 2499 1508 2544 Η.
1537 2498 1738 2543 Bessan.
