2170 3458
341 288 413 323 XII
830 295 833 299 ·
991 285 1174 321 Addenda.
1227 284 1347 329 Caput.
1371 283 1400 320 Ι.

344 401 415 434 tate
439 399 663 435 donaverint.
698 417 743 424 —
779 401 813 441 7)
840 397 896 442 Cf.
925 397 992 445 Cic.
1018 397 1126 432 Balb.
1155 398 1188 440 8,
1213 397 1261 431 19
1284 395 1374 439 (vid.
1397 396 1471 431 not.
1489 395 1538 441 6).
1571 414 1618 422 -
1656 396 1692 441 8)
1714 395 1889 432 Fortasse
1915 394 1951 432 is
1974 394 2038 441 qui

343 466 376 491 a.
397 457 474 490 682
497 454 620 490 consul
643 454 728 499 fuit.
746 473 791 479 —
816 456 872 495 8⁸)
895 453 1069 489 Fortasse
1091 454 1124 488 is
1147 463 1252 497 quem
1274 464 1307 487 a.
1329 453 1398 487 691
1423 451 1544 487 Cicero
1566 451 1826 497 perduellionis
1847 463 1953 488 reum
1977 451 2036 487 de-

344 511 486 556 fendit;
517 512 550 546 is
572 511 661 546 bello
684 510 840 555 quodam
863 509 1012 554 fortiter
1033 521 1071 544 se
1090 511 1251 555 gesserat
1273 508 1364 553 (Cic.
1379 518 1445 553 pro
1461 508 1554 544 Bab.
1570 509 1628 553 13,
1645 509 1727 553 36).
1740 527 1786 534 —
1809 510 1844 551 9)
1865 507 2040 545 Fortasse

342 566 443 611 filius
480 566 727 612 imperatoris,
766 567 890 611 postea
923 565 1085 611 Magnus
1123 565 1339 610 appellatus,
1377 575 1465 600 sane
1498 564 1802 610 adulescentulus,
1834 564 1890 600 vel
1919 563 2040 610 frater

343 623 443 659 illius
466 623 652 669 patruelis.
694 623 857 658 Ceterum
881 622 1038 657 eiusdem
1061 621 1220 657 nominis
1242 621 1347 657 homo
1370 621 1513 667 (eadem
1539 632 1677 667 quoque
1700 620 1818 666 tribu)
1839 620 1882 656 in
1902 619 2038 656 decreto

343 680 606 725 Adramytteno
630 679 706 724 eph.
730 690 783 724 ep.
800 679 824 713 4
846 689 882 724 p.
904 679 986 713 220
1010 677 1233 722 (Mommsen
1261 677 1347 714 Ges:
1368 677 1467 714 Sehr.
1495 679 1530 718 8,
1547 679 1650 723 345).
1677 697 1723 705 -—
1759 677 1817 718 10)
1839 675 1976 713 mater
1996 678 2041 712 ut

342 736 483 772 videtur
505 736 743 780 imperatoris,
771 746 874 779 quem
896 734 937 769 in
960 734 1089 770 castris
1110 734 1244 779 fratris
1265 734 1381 780 fuisse
1402 736 1533 770 narrat
1559 734 1629 771 Cic.
1652 733 1748 772 Phil.
1764 735 1821 780 12,
1838 734 1892 775 11.
1907 733 1969 771 27.
1993 752 2039 759 -—

347 795 400 834 11)
424 791 597 827 Fortasse
619 792 736 836 frater
758 791 804 826 L.
827 790 1006 826 Hirtuleii
1030 791 1230 835 quaestoris
1257 790 1297 836 Q.
1321 790 1490 833 Sertorii,
1538 793 1593 835 12)
1622 790 1778 836 fortasse
1799 789 1846 826 L.
1867 789 2040 833 Insteius,

343 847 409 882 sub
427 846 586 882 Sertorio
597 847 804 892 praefectus
820 846 980 882 militum
997 847 1096 891 (Liv.
1116 847 1176 883 lib.
1192 848 1265 892 91).
1278 845 1323 873 ’-
1349 847 1405 892 13)
1421 847 1594 883 Fortasse
1611 847 1783 893 Catilina,
1801 848 1886 883 time
1898 842 2040 882 adules-

343 914 432 939 cens.
464 923 510 928 —
542 906 596 946 14)
627 902 798 946 Salluvii,
836 913 860 938 a
889 903 1019 947 quibus
1049 905 1171 939 turma
1200 913 1330 939 nomen
1360 902 1492 946 traoeit,
1526 902 1694 948 Hispani
1720 903 1875 948 fuerumt
1896 902 2041 948 regione

346 959 695 1004 Caesaraugustana,
721 961 810 994 certe
833 959 909 994 eius
923 958 1081 1004 reyionis
1096 959 1250 1004 fuerunt
1261 958 1475 1005 Ilerdenses,
1500 959 1694 1005 Seqienses,
1709 958 1893 1002 Liberum,
1907 957 2040 995 quer-

342 1026 461 1051 senses
482 1015 587 1059 infra
611 1014 809 1050 enumerati
817 1025 831 1058 ,·
858 1015 934 1060 ipsi
955 1015 1114 1051 coloniae
1132 1015 1491 1061 Caesarauqustanae
1511 1017 1691 1051 vetustum
1712 1026 1844 1052 nomen
1865 1014 1944 1060 ficit
1956 1014 2040 1051 Sal-

344 1072 466 1115 dubia,
491 1071 638 1107 testibus
661 1070 840 1107 codicibus
863 1071 1050 1107 Plinianis
1072 1072 1105 1110 h.
1124 1083 1158 1107 n.
1177 1073 1211 1114 3,
1228 1073 1290 1108 24.
1324 1093 1364 1098 —
1400 1076 1454 1116 15)
1477 1072 1639 1109 Nomina
1661 1071 1848 1117 Hispana,
1867 1071 2042 1118 pleraque

343 1128 477 1174 ignota.
521 1127 576 1173 Cf.
594 1127 819 1163 Schuchardt
832 1127 957 1163 Revue
971 1127 1251 1163 internationale
1270 1128 1331 1164 des
1349 1129 1472 1165 e'tudes
1489 1129 1640 1174 basques
1656 1130 1691 1174 3,
1708 1129 1812 1164 1909
1820 1139 1864 1174 p.
1880 1127 1962 1165 237
1969 1138 2040 1172 seq.

345 1204 385 1209 -
413 1186 468 1227 16)
490 1183 622 1219 Filius.
640 1204 685 1209 —
710 1186 765 1226 17)
789 1183 917 1219 Simile
939 1194 1069 1218 nomen
1089 1184 1206 1229 reguli
1222 1185 1419 1231 Ilerqetum
1436 1185 1670 1231 (Bilistayes)
1694 1185 1797 1230 apud
1810 1183 1962 1224 Livium
1978 1184 2040 1230 34,
2098 1189 2100 1191 '
2152 1190 2155 1193 '

279 1277 282 1279 ,
343 1241 394 1275 11.
417 1241 474 1275 12.
507 1259 551 1265 -
589 1242 642 1282 18)
667 1239 851 1275 Ordeunas
875 1239 1039 1285 praefert
1061 1239 1181 1285 Bany.
1211 1261 1256 1266 —
1294 1244 1348 1284 19)
1371 1241 1611 1286 Bayarenses,
1643 1244 1688 1277 ut
1714 1243 1751 1277 et
1777 1269 1786 1277 .
1805 1269 1814 1277 .
1833 1269 1842 1278 .
1861 1240 2042 1277 cilicenses

344 1298 378 1332 et
399 1295 629 1341 Enneyenses
651 1295 767 1341 iynoti
790 1295 853 1340 (de
876 1295 1099 1341 Beyensibus
1123 1298 1158 1331 et
1178 1296 1466 1333 Sueonsensibus
1488 1299 1533 1344 cf.
1557 1298 1663 1343 infra
1684 1300 1756 1334 not.
1773 1298 1837 1334 24.
1853 1297 1929 1344 31).
1967 1296 2041 1333 Sed

344 1353 407 1388 hos
427 1363 562 1396 quoque
576 1352 733 1398 reyionis
752 1351 1112 1397 Caesarauyustanae
1134 1353 1249 1397 fuisse
1263 1354 1457 1399 probabile
1472 1357 1533 1390 est.
1549 1375 1595 1380 —
1620 1358 1695 1399 19⁸)
1720 1355 1781 1391 Sic
1802 1353 1872 1399 (vel
1894 1379 1905 1389 .
1918 1379 1928 1390 .
1942 1379 1952 1389 .
1964 1352 2041 1389 sili-

345 1412 477 1452 censes)
493 1408 614 1454 Banq)
641 1408 663 1454 (.
676 1434 685 1444 .
699 1419 846 1444 ucenses
867 1407 995 1451 Gatti).
1014 1429 1055 1434 —
1074 1412 1130 1451 20)
1152 1409 1259 1445 Idem
1274 1421 1404 1446 nomen
1418 1411 1460 1446 in
1477 1411 1582 1447 titulo
1596 1410 1851 1448 Castulonensi
1863 1409 1916 1446 II
1927 1410 2041 1446 3295.

345 1486 388 1491 -
412 1468 468 1508 21)
492 1465 655 1501 Nomina
677 1465 846 1500 similiter
870 1464 1072 1500 desinentia
1093 1465 1134 1500 in
1162 1466 1279 1502 titulis
1294 1467 1474 1513 Hispanis
1496 1468 1549 1503 II
1569 1469 1673 1503 5840
1681 1466 1697 1504 .·¹
1722 1467 1874 1504 Aurelio
1897 1463 2039 1503 Tanne-

344 1522 498 1567 paeseri3
529 1521 582 1556 II
602 1522 720 1557 3794.-
752 1521 908 1557 Seranus
932 1521 1207 1566 Tannegisceris
1229 1522 1256 1558 f.
1281 1543 1325 1548 —
1355 1527 1411 1567 22)
1438 1524 1524 1560 Tres
1546 1524 1585 1560 hi
1607 1524 1820 1567 Iler-denses,
1842 1523 1930 1560 novi
1951 1522 2043 1560 cives

345 1578 520 1621 Romani,
549 1578 699 1613 nomina
721 1577 893 1613 Romana
915 1577 1110 1622 sumpsisse
1131 1578 1302 1614 videntur
1329 1580 1394 1624 (ab
1425 1579 1601 1626 Otaciliis,
1628 1581 1693 1617 Cn.
1712 1579 1890 1622 Cornelio,
1912 1578 2042 1624 Fabio,

344 1636 407 1679 qui
428 1635 577 1670 consilio
601 1633 853 1677 interfuerunt
872 1644 909 1668 n.
928 1635 985 1668 55.
1004 1635 1061 1669 59.
1080 1635 1132 1669 11.
1147 1636 1220 1679 22,·
1243 1637 1388 1672 monuit
1401 1636 1531 1683 Banq)
1554 1638 1683 1673 statim
1705 1637 1855 1674 consilio
1875 1635 2042 1680 diniaco,

346 1694 430 1727 ante
453 1692 634 1726 decretum
656 1689 824 1733 Pompeii
845 1688 923 1724 aeri
945 1689 1111 1726 incisum.
1146 1710 1192 1716 —
1227 1695 1282 1735 23)
1307 1703 1330 1729 o
1347 1694 1508 1738 parvula
1531 1705 1650 1730 errore
1671 1693 1816 1729 videtur
1835 1691 1952 1728 ineisa
1974 1701 2041 1736 pro

346 1748 383 1785 C.
405 1748 457 1783 vel
473 1747 514 1789 Q.
539 1767 584 1772 —
608 1749 664 1789 24)
688 1745 864 1791 Beyenses
886 1745 926 1780 hi
947 1745 1082 1791 ignoti·
1105 1746 1309 1793 Baeqenses
1331 1749 1373 1784 in
1396 1750 1513 1785 titulis
1535 1750 1705 1786 Baeticae
1727 1749 1781 1785 II
1797 1749 1908 1785 1394.
1943 1747 2039 1794 Eph.

345 1816 398 1849 ep.
418 1806 442 1839 8
458 1814 500 1848 p.
517 1803 706 1848 393,103.
731 1822 775 1828 —-
806 1804 861 1844 25)
886 1801 1079 1846 Seyienses,
1102 1805 1146 1838 ut
1167 1804 1277 1840 etiam
1300 1805 1488 1841 leienses
1511 1806 1576 1851 (cf.
1599 1807 1674 1841 not.
1689 1806 1762 1851 29)
1785 1807 1820 1842 et
1835 1796 2043 1842 Dammae

345 1861 411 1906 (cf.
427 1862 500 1896 not.
515 1861 584 1905 32)
607 1860 761 1894 recenset
775 1856 924 1892 Plinius
941 1857 974 1892 h.
991 1868 1027 1892 n.
1045 1860 1079 1902 3,
1092 1861 1143 1894 24
1166 1861 1263 1896 inter
1278 1862 1438 1907 populos
1460 1862 1720 1908 stipendiarios
1742 1862 1934 1898 conuentus
1955 1860 2043 1897 Cae·
2062 1863 2069 1868 '

344 1916 613 1963 sarauqustani.
649 1936 694 1941 —
730 1917 787 1957 26)
812 1914 1010 1950 Sosinaden
1038 1914 1200 1961 praefert
1221 1918 1415 1954 Bormann
1438 1912 1684 1964 (Schuchardt
1710 1919 1733 1954 l.
1755 1931 1784 1955 c.
1801 1930 1844 1965 p.
1868 1918 1973 1964 243).
1998 1937 2049 1953 --,

347 1977 401 2016 27)
428 1973 503 2008 Ser.
528 1973 771 2017 Ennegenses.
807 1990 852 1996 -—
887 1971 944 2012 28)
973 1969 1079 2006 Idem
1107 1972 1264 2017 fortasse
1292 1977 1427 2010 nomen'
1446 1975 1599 2020 (Belem)
1627 1975 1669 2010 in
1693 1974 1797 2011 titulo
1820 1974 2043 2022 Pyrenaeioo
2100 1966 2102 1969 ’

346 2042 459 2076 supra
482 2030 529 2066 N.
553 2030 662 2065 4518.
705 2048 750 2054 —
789 2030 847 2070 29)
876 2025 1059 2065 Libienses
1089 2030 1214 2066 Plinio
1246 2032 1267 2068 l.
1293 2044 1321 2068 c.
1359 2052 1406 2058 —
1444 2035 1500 2075 30)
1528 2032 1700 2068 Fortasse
1728 2043 1794 2068 scr.
1824 2030 2044 2076 Bastugibas

347 2087 517 2123 Adimels·
553 2108 596 2113 -
634 2089 689 2128 31)
721 2084 959 2126 SuCO‘nSffl‘l-S'es
989 2089 1117 2136 iynoti,
1156 2090 1378 2124 memoratur
1411 2091 1624 2125 Σουκκῶσα
1659 2088 1755 2124 inter
1782 2087 1919 2133 oppida
1947 2087 2041 2123 Iler-

344 2147 464 2189 yetum
488 2144 581 2179 Ptol.
605 2147 640 2189 2,
670 2145 700 2190 6,
730 2144 790 2178 68.
820 2161 865 2166 -—
900 2149 959 2192 32)
984 2148 1180 2183 llursenses
1204 2144 1328 2180 Plinio
1354 2144 1375 2179 l.
1392 2155 1420 2180 c.
1449 2164 1495 2170 -—
1529 2147 1585 2187 33)
1608 2143 1818 2189 Imperator
1838 2142 2045 2190 appellatus

346 2201 542 2246 Pompeius
564 2201 642 2236 sine
666 2202 774 2238 dubio
797 2203 876 2248 ipso
901 2214 998 2239 anno
1026 2204 1114 2247 665,
1149 2212 1224 2237 non
1247 2211 1344 2236 anno
1369 2200 1614 2246 praecedente,
1652 2211 1722 2245 quo
1753 2200 1892 2245 legatus
1918 2199 2046 2245 fuerat

347 2258 392 2293 L.
413 2257 578 2292 Caesaris
593 2259 757 2294 consulis.
774 2280 819 2286 —
843 2262 902 2305 34)
925 2261 1118 2296 Decretum
1141 2258 1205 2293 hoc
1220 2257 1405 2303 primario
1428 2257 1507 2292 sine
1530 2257 1639 2293 dubio
1655 2256 1815 2302 aequale.
1834 2276 1874 2283 —
1900 2259 1957 2299 35)
1984 2254 2041 2301 Cf.

346 2326 460 2359 supra
483 2315 555 2349 not.
580 2314 615 2348 4.
639 2334 683 2339 ——
712 2318 768 2357 36)
797 2315 990 2352 Cornicula
1012 2314 1143 2350 Livius
1165 2315 1223 2359 10,
1241 2315 1300 2358 44,
1322 2315 1354 2358 5,
1394 2316 1451 2356 37)
1475 2309 1612 2359 φιάλην
1634 2312 1762 2360 Polyb.
1789 2314 1822 2356 6,
1839 2313 1889 2348 39
1911 2323 2042 2349 memo-

347 2373 435 2406 rant
455 2370 550 2405 inter
573 2370 670 2406 dona
693 2372 883 2408 militaria.
919 2393 964 2398 —
999 2375 1056 2416 38)
1081 2370 1371 2406 FAVMENIVM
1392 2369 1512 2415 primo
1535 2369 1707 2413 incisum,
1733 2369 1774 2405 id
1797 2371 1978 2406 mutatum
1999 2369 2042 2405 in

348 2427 654 2471 FRVMENIVM3
688 2428 796 2463 verba
819 2429 925 2464 frum.
952 2428 1047 2473 dupl.
1069 2429 1210 2473 postea,
1241 2427 1304 2462 sed
1328 2426 1373 2461 ab
1400 2426 1524 2462 eadem
1547 2437 1662 2462 manu
1685 2425 1825 2465 addita.

461 2517 575 2561 8889
623 2519 670 2560 P.
703 2519 931 2563 Serveilius
960 2521 1007 2562 P.
1036 2519 1065 2563 f.
1094 2519 1310 2563 Isauricus
1340 2532 1415 2574 pro
1446 2532 1528 2562 cos.
1544 2519 1554 2539 ¹
1582 2517 1770 2562 restituit.
1799 2517 2042 2573 ΙΠόπλιος

347 2586 605 2642 Σερουίλιος
635 2587 846 2629 Ποπλιου
877 2591 973 2638 υἱὸς
1000 2584 1242 2643 Ἰσαυρικὸς
1278 2588 1282 2641 Ι
1316 2589 1583 2637 ἀνθύπατος
1615 2590 1994 2642 ἀποκατέστησεν.
2031 2582 2039 2641 Ι

347 2658 486 2704 Γάιος
515 2654 799 2705 Πανόυσῖνος
828 2655 1018 2697 Γνοιίου2
1048 2659 1145 2706 υἱὸς
1174 2658 1383 2709 Ρωμαῖος
1410 2655 1415 2706 Ι
1443 2654 1660 2709 πρόξενος
1690 2656 1771 2705 τὰς
1795 2656 1939 2704 Νίκας
1967 2655 2042 2695 καὶ

348 2725 451 2772 τοὺς
464 2717 658 2777 Ἔρωτας
686 2721 691 2774 Ι
716 2726 790 2765 καὶ
806 2718 1080 2779 Ἀντέρωτος
1100 2723 1359 2765 Ποσειδῶνι
1386 2725 1461 2764 καὶ
1487 2718 1778 2779 Ἀμφιτρίτηι
1802 2720 1808 2777 Ι
1831 2723 2041 2777 χαριστή-

347 2805 456 2844 ριον.
487 2785 803 2844 Ι-Ἀγασίοις
834 2792 1106 2848 Μηνοφίλου
1134 2787 1360 2847 Εφέσιος3
1390 2793 1552 2832 ἐποίει.

458 2854 510 2890 In
532 2854 655 2890 insula
682 2855 774 2890 Teno
799 2856 848 2891 ad
872 2867 978 2891 aram
1000 2856 1164 2902 Neptuni
1185 2867 1272 2901 rep„
1305 2856 1406 2891 bases
1430 2856 1523 2891 duae
1542 2856 1734 2901 yemellae;
1768 2835 1955 2899 utriusque
1983 2853 2040 2889 in-

346 2910 503 2955 scriptio,
533 2911 686 2955 exeeptis
708 2911 870 2947 versibus
887 2912 1008 2956 primo
1033 2915 1068 2947 et
1089 2913 1227 2957 ultimo,
1260 2912 1378 2947 incisa
1400 2912 1442 2947 in
1466 2912 1581 2948 locum
1610 2911 1830 2957 antiquioris
1852 2921 1976 2947 erasae
1998 2910 2045 2956 (Ι

347 2967 400 3002 ed.
424 2968 451 3001 2
478 2977 513 3001 n.
543 2967 624 3008 783,
659 2967 776 3002 Inscr.
805 2967 931 3003 Graec.
956 2968 1046 3003 XII
1066 2971 1097 3014 5,
1126 2970 1194 3003 917
1223 2968 1417 3004 delineavit
1452 2968 1641 3004 Gr'raindor
1668 2967 1794 3004 Musee
1822 2967 1918 3013 helye
1939 2968 2042 3003 1906

347 3034 381 3069 p.
401 3023 501 3067 339).
526 3043 570 3048 —
595 3026 626 3063 1)
654 3023 709 3068 Cf.
733 3034 848 3068 supra
871 3024 917 3060 N.
935 3026 997 3060 40.
1018 3045 1062 3050 —-
1087 3028 1120 3068 2)
1143 3025 1256 3060 Pater
1278 3023 1388 3060 huius
1415 3024 1515 3068 Gaii,
1539 3028 1681 3068 Γναῖος
1698 3027 1945 3070 Πανδοσῖνος,
1969 3035 2040 3065 mee

347 3081 513 3114 moratur
534 3078 575 3113 in
597 3081 744 3114 senatus
767 3081 924 3116 consulto
949 3081 991 3116 de
1014 3081 1198 3116 Thisbaeis
1220 3081 1317 3125 facto
1342 3092 1375 3116 a.
1389 3092 1424 3116 u.
1437 3094 1464 3116 e.
1481 3083 1554 3117 584
1578 3083 1624 3127 (υ.
1644 3083 1712 3118 54:
1733 3081 1934 3118 Mommsen
1958 3080 2039 3117 Ges.

349 3135 447 3171 Schr.
475 3137 510 3179 8,
526 3136 614 3171 279.
629 3137 734 3182 287).
756 3159 801 3164 -
825 3140 859 3179 3)
883 3137 941 3172 De
963 3137 1026 3173 hoc
1048 3138 1224 3183 sculptore
1248 3136 1298 3183 cf.
1322 3137 1428 3182 infra
1451 3137 1498 3174 N.
1518 3139 1625 3173 8961.
