2170 3458
368 282 502 319 CXXX
972 284 1156 321 Addenda.
1203 284 1325 330 Caput
1347 284 1448 321 XIII.

482 395 597 441 9384
653 395 753 452 imp.
786 396 897 440 Had.
925 395 1084 453 Aulg.¹,
1114 396 1302 442 definitio
1329 400 1335 451 Ι
1361 397 1574 443 silvarum.

483 463 534 499 In
563 462 708 499 Libano
742 465 875 508 monte,
913 462 1009 498 inter
1041 463 1155 499 Zahle
1188 466 1224 499 et
1258 463 1432 510 Choua'ir,
1471 475 1604 502 samum
1638 466 1861 504 trmlatum
1890 467 2072 516 Berytus·

371 519 560 565 (Jazabert
579 522 615 556 et
636 518 827 555 Monterde
849 519 932 555 me'l.
949 519 992 555 de
1008 519 1044 555 Ζα
1059 519 1200 564 fac-ulte!
1220 521 1393 556 orientale
1416 521 1460 557 de
1475 521 1662 569 Beyrouth
1678 523 1711 568 4,
1738 524 1828 559 1910
1841 533 1880 569 Ρ.
1896 524 1964 560 211
1979 523 2072 562 ima-

367 577 517 624 qinem).
542 597 587 603 —
612 579 645 619 1)
667 576 827 612 Litterae
846 579 916 611 ΙΜΡ
940 579 975 620 Η,
1000 575 1087 611 item
1104 579 1164 611 Αν
1181 576 1418 623 εοηῆρπαταε.

483 666 597 712 9385
657 666 757 722 imp.
790 666 901 711 Had.
933 667 1074 722 Aug.¹‚
1105 667 1145 711 d.
1175 667 1206 711 f.
1238 667 1290 712 s.²
1321 669 1327 724 Ι
1359 667 1577 713 ΑΟΝΟΡ
1589 670 1621 712 ³.

484 734 535 770 In
557 733 700 769 Libano
723 735 850 777 monte,
880 744 992 778 prope
1014 733 1133 769 vicum
1155 733 1318 770 Karteba
1342 735 1381 776 (a
1403 734 1524 781 Byblo
1548 735 1720 772 orientem
1741 741 1895 784 versuo),
1920 737 1977 776 bis
1999 738 2074 785 (vel

373 792 482 828 etiam
506 790 664 836 saepius)
692 789 772 824 vivo
795 800 885 825 samo
908 789 1123 834 inscriptum
1147 789 1243 834 (III
1261 791 1372 826 1807η
1394 790 1556 836 repperit
1576 794 1611 828 et
1633 791 1742 828 deser.
1766 791 1900 830 Benan
1922 794 2074 832 mineion

374 849 416 884 de
438 846 608 883 Phe'nicie
622 857 664 891 Ρ.
680 845 780 888 275).
803 864 848 870 -
886 847 917 888 1)
941 845 1106 881 Litterae
1132 848 1204 881 ΙΜΡ
1228 848 1263 882 et
1284 849 1344 882 Αν
1367 847 1603 893 contiqmtae.
1628 868 1672 874 —
1703 850 1740 892 2)
1762 849 1942 895 Definitio
1954 850 2073 888 aava·

372 915 464 947 rum,
489 904 534 949 cf.
558 902 605 938 N
625 902 735 937 9384.
761 921 802 926 —
829 904 863 944 3)
886 900 1070 937 Arborum
1091 913 1225 948 genera
1247 905 1426 948 quattuor,
1451 905 1566 940 cetera
1581 903 1746 950 privata.

485 992 629 1038 938522
673 994 870 1037 arborum
903 1006 1059 1048 genera
1087 994 1160 1049 IV,
1195 999 1333 1038 cetera
1361 994 1457 1050 priv
1457 999 1538 1039 ata.

486 1061 537 1096 In
565 1059 710 1095 Libano
745 1061 878 1101 monte,
908 1071 1026 1106 prope
1059 1060 1177 1097 vicum
1216 1061 1309 1097 Pala
1345 1063 1382 1103 (a
1412 1061 1535 1108 Byblo
1569 1064 1657 1108 sept.
1691 1064 1846 1108 verm),
1880 1064 1969 1100 item
2001 1063 2074 1101 loco

374 1118 466 1153 dicto
482 1116 623 1152 Beidar
637 1115 819 1160 el-Hadjil
841 1115 1010 1161 aliisque,
1042 1116 1121 1152 vivo
1144 1128 1233 1153 saxo
1255 1117 1472 1163 inecriptwm
1497 1118 1593 1163 (III
1606 1120 1701 1155 1801
1724 1119 1888 1166 repperit
1907 1122 1945 1156 et
1965 1120 2075 1158 deeor-

373 1174 506 1210 Renan
527 1173 678 1208 mission
694 1172 737 1207 de
751 1171 922 1208 Phe'nicie
937 1183 980 1217 Ρ.
996 1173 1085 1209 263.
1101 1174 1206 1219 264).
1252 1173 1470 1219 Plerwmque
1491 1174 1636 1212 videtwr
1657 1175 1763 1212 iwoeta
1775 1175 1943 1221 positum
1959 1176 2092 1226 fitieee
2150 1183 2170 1227 J

373 1230 458 1275 imp.
482 1230 573 1265 Had.
597 1230 693 1274 Aug.

485 1319 599 1364 9386
657 1319 768 1363 Had.
798 1320 912 1375 Aug.
943 1320 982 1363 d.
1013 1320 1043 1363 f.
1072 1320 1078 1376 Ι
1104 1334 1136 1365 s.
1169 1334 1208 1363 n.
1241 1320 1472 1366 GXXGIV.

486 1387 538 1423 In
559 1386 742 1423 montibus
763 1386 845 1422 sitis
866 1386 963 1422 inter
983 1387 1115 1432 fluvios
1137 1387 1342 1424 Adonidem
1365 1390 1401 1424 et
1422 1388 1582 1435 Lycum,
1614 1389 1687 1426 loco
1710 1390 1803 1427 dieto
1825 1390 2009 1437 ,Dior-eide,
2033 1391 2076 1427 in

373 1444 516 1490 reqione
545 1443 641 1479 nivis
663 1453 783 1488 paene
801 1445 1000 1487 perpetuae
1022 1443 1101 1480 vivo
1125 1454 1219 1480 saxo
1242 1443 1458 1489 inscriptum
1488 1445 1584 1490 (HI
1601 1448 1701 1482 1800
1723 1447 1884 1492 repperit
1908 1450 1945 1484 et
1964 1448 2074 1485 deser.

374 1500 507 1536 Renan
531 1500 551 1535 Ζ.
577 1511 605 1535 e.
625 1510 663 1544 Ρ.
688 1500 794 1544 278).
841 1499 893 1535 In
917 1499 1021 1535 titulo
1041 1500 1190 1546 ¹qemello
1216 1499 1259 1535 in
1282 1500 1406 1536 eadem
1433 1501 1576 1547 reqione
1605 1504 1749 1538 eaetante
1778 1505 1863 1540 ante
1883 1503 2076 1541 Hadriam·

374 1568 504 1593 nomen
520 1556 697 1592 nonnulla
711 1555 847 1600 scripta
861 1556 1014 1601 fuerunt
1026 1568 1117 1601 quae
1133 1556 1201 1603 leqi
1217 1567 1289 1592 non
1296 1558 1509 1603 potuerunt,
1527 1560 1563 1594 et
1576 1558 1618 1594 in
1627 1558 1700 1603 fine
1713 1561 1793 1595 erat
1804 1571 1841 1596 n.
1855 1559 2075 1617 CCXXXV.

377 1613 434 1649 De
456 1613 512 1648 his
535 1612 697 1647 numeris
725 1611 770 1656 cf.
794 1611 965 1648 Jalabert
987 1613 1010 1648 Ζ.
1026 1624 1053 1649 c.
1079 1613 1143 1655 (ad
1163 1613 1210 1649 N.
1231 1614 1346 1660 9384)
1370 1624 1406 1660 Ρ.
1424 1615 1508 1650 214.

490 1669 634 1704 Similes
663 1668 915 1714 inscriptiones
947 1680 1022 1705 non
1051 1670 1165 1706 multo
1194 1671 1317 1706 minus
1346 1672 1487 1706 centwm
1521 1670 1562 1706 in
1597 1670 1663 1707 hae
1690 1673 1835 1718 reqione
1868 1671 2075 1709 observatae

374 1727 461 1761 sunt
483 1725 544 1770 (cf.
570 1725 701 1761 Renan
725 1728 746 1760 Ζ.
763 1737 792 1760 e.
814 1735 849 1771 Ρ.
866 1727 945 1762 258
955 1729 1050 1770 seq).

487 1826 599 1870 9387
652 1827 770 1871 Caes.
801 1842 841 1870 n.
879 1829 886 1883 Ι
916 1842 949 1871 s.
979 1828 1009 1870 f.
1041 1842 1072 1872 r.
1105 1831 1164 1884 g.¹
1201 1840 1270 1885 (In
1294 1841 1407 1876 trium
1429 1819 1617 1886 eippomm
1633 1842 1746 1886 parte
1768 1845 1910 1886 averna)
1940 1830 2073 1876 civit.²

376 1895 567 1950 Thugg.;
610 1895 617 1948 Ι
657 1899 684 1937 t.
715 1895 774 1951 p.³
805 1909 880 1951 per
909 1895 1107 1940 Tiberino
1140 1898 1145 1952 Ι
1177 1898 1290 1953 Aug.
1321 1898 1393 1942 lib.
1424 1899 1661 1954 praeposito
1695 1900 1702 1951 Ι
1737 1901 1992 1955 mesomm⁴3
2021 1903 2077 1947 (in

375 1972 596 2017 reliquorum
612 1976 724 2017 parte
747 1977 888 2017 aversa)
920 1962 1032 2007 civit.
1061 1963 1066 2019 Ι
1092 1964 1264 2020 Thugg.
1292 1964 1299 2021 Ι
1325 1979 1364 2008 n.
1386 1966 1427 2008 V
1455 1970 1509 2006 vel
1538 1966 1598 2009 VI
1622 1972 1685 2006 cet.

489 2040 547 2075 Ab
565 2039 700 2075 oriente
719 2040 896 2086 ssuyyae,
920 2041 961 2076 in
984 2041 1070 2087 iuyo
1092 2042 1271 2078 montiwm
1294 2043 1475 2088 appellato
1491 2043 1621 2088 Djebel
1635 2043 1796 2079 Khalled
1818 2045 1854 2079 et
1873 2043 2005 2090 Djebel
2019 2044 2079 2081 ech

381 2096 500 2141 Oheid,
527 2096 625 2141 cippi
649 2096 852 2141 quindecim
876 2097 1007 2142 (VIII
1026 2097 1063 2133 S.
1079 2099 1212 2134 25988
1233 2099 1392 2145 repperit
1414 2102 1450 2136 et
1473 2100 1582 2136 deser.
1605 2099 1650 2136 L.
1666 2099 1838 2136 Poinseot
1857 2100 1920 2146 qui
1939 2101 2077 2147 plerae-

377 2163 443 2196 que
470 2152 586 2187 edidit
607 2155 760 2198 comptes
782 2154 917 2188 rendus
941 2154 984 2189 de
1008 2154 1147 2190 l'Acad.
1173 2155 1235 2190 des
1257 2155 1363 2192 inser.
1387 2157 1492 2192 1907
1509 2166 1547 2202 Ρ.
1563 2157 1742 2202 4713eq.).
1770 2176 1816 2182 -
1853 2159 1887 2201 1)
1910 2157 2078 2193 Caesarie

378 2208 502 2252 nostri,
528 2208 643 2244 saltus
659 2208 795 2253 fundi.
814 2235 822 2242 .
841 2236 847 2244 .
867 2237 876 2246 .
901 2211 1049 2254 (nomen
1062 2211 1255 2256 proprium
1279 2211 1356 2247 eius
1370 2212 1510 2258 fundi).
1535 2233 1579 2239 —
1604 2215 1636 2255 2)
1662 2212 1841 2248 Civitatis.
1866 2232 1907 2239 —
1933 2215 1969 2258 3)
1995 2212 2077 2249 Ter-

378 2264 471 2300 mini
488 2264 614 2309 positi.
639 2284 682 2289 —
711 2267 746 2308 4)
773 2264 834 2300 Sic
856 2266 897 2301 in
919 2277 991 2302 uno
1016 2277 1060 2301 eae
1083 2266 1208 2312 cippis,
1234 2268 1432 2304 messoribus
1454 2268 1496 2304 in
1518 2268 1599 2313 alio,
1625 2278 1712 2304 men.
1735 2268 1778 2304 in
1801 2268 1917 2305 tertio.
