2170 3458
1106 821 1295 866 OAPVT
1324 822 1403 865 XI.

697 923 934 973 TITVLI
971 922 1169 973 SACRI
1204 925 1295 972 ΕΤ
1334 923 1808 975 SAOERDOTVM.

743 1022 943 1068 (Addenda
966 1022 1016 1058 ad
1039 1022 1104 1059 vol.
1122 1022 1176 1060 II
1186 1035 1229 1069 p.
1247 1024 1396 1060 1-288
1418 1024 1463 1061 N.
1480 1025 1763 1070 2957—5050.)

516 1113 630 1158 9230
687 1114 852 1158 Iunone
886 1112 1067 1158 Loeina¹
1099 1119 1106 1169 Ι
1133 1115 1244 1159 dono
1274 1080 1350 1171 pro
1378 1115 1383 1172 Ι
1410 1116 1455 1160 Ο.
1486 1115 1646 1160 Rutilio
1675 1117 1722 1161 P.
1750 1116 1782 1160 f.

515 1203 659 1248 92302
706 1205 752 1248 Ρ.
772 1203 953 1248 Rutilius
983 1205 1040 1249 M.
1065 1205 1094 1249 f.
1124 1205 1131 1262 Ι
1156 1206 1335 1251 Iunonei
1366 1205 1556 1252 Loucina
1580 1206 1588 1263 Ι
1613 1207 1727 1252 dedit
1755 1206 1954 1255 meretod
1966 1205 1981 1262 Ι
1998 1191 2170 1253 1)ἰο-ὕ

404 1286 480 1316 vos
510 1272 671 1316 eastud.
675 1272 690 1292 ²

515 1338 658 1375 Norbae
679 1349 754 1385 rep.
779 1350 812 1374 a.
838 1339 954 1383 1903,
987 1338 1147 1375 laminae
1169 1351 1313 1384 aeneae,
1345 1340 1455 1386 prior,
1488 1351 1580 1385 quae
1598 1341 1742 1378 videtur
1763 1352 1839 1378 esse
1860 1299 1985 1388 paullo
2005 1311 2100 1378 ‹mii-

404 1395 516 1440 quior‚
550 1394 679 1431 litteris
701 1394 864 1440 punctim
887 1367 1033 1440 scriptis
1056 1395 1104 1440 (I
1122 1396 1177 1433 ed.
1200 1398 1228 1431 2
1257 1408 1294 1434 n.
1318 1397 1402 1432 359.
1426 1398 1506 1432 360
1530 1416 1572 1428 =
1596 1397 1740 1435 Notizie
1762 1397 1858 1444 deff.
1878 1397 1978 1440 soavi
1998 1398 2101 1433 1903
2163 1412 2165 1414 ·

403 1462 438 1497 p.
462 1453 548 1486 255.
573 1453 650 1486 256
678 1451 757 1487 vidi
785 1450 964 1497 imayines
993 1451 1322 1498 photographicas).
1360 1473 1406 1479 —-
1448 1457 1480 1497 1)
1510 1453 1571 1489 Sic
1598 1454 1743 1490 videtur
1770 1464 1844 1494 esse
1870 1453 1913 1490 in
1930 1465 2025 1492 aere<
2054 1473 2100 1480 ——

404 1511 438 1551 2)
463 1507 525 1543 Sic
541 1507 649 1543 etiam
673 1508 714 1543 in
736 1507 814 1542 alia
837 1507 1072 1553 inscriptione
1094 1508 1234 1544 Iunoni
1249 1508 1412 1545 Lucinae
1436 1509 1602 1546 dedicata
1624 1520 1739 1556 supra
1752 1510 1798 1547 N.
1815 1511 1924 1556 3101,
1946 1509 2011 1547 ubi
2024 1509 2101 1546 iam

403 1566 558 1616 apparet
579 1564 705 1600 Diovis
729 1564 856 1600 eastud
879 1563 1103 1610 iungendum
1127 1575 1210 1600 esse.

515 1665 627 1710 9231
677 1666 824 1711 Munio
853 1667 1046 1711 Recena'
1079 1671 1085 1719 Ι
1121 1666 1318 1712 Numisio
1347 1668 1427 1712 M.²
1458 1667 1464 1726 Ι
1501 1669 1542 1712 d.
1573 1669 1614 1712 d.
1643 1669 1670 1712 l.
1702 1683 1757 1713 m.

514 1734 565 1769 In
588 1745 675 1780 ayro
702 1734 883 1779 Capenate
905 1745 991 1780 rep„
1019 1734 1113 1780 lapis
1137 1734 1298 1780 tofaceus
1321 1735 1449 1780 (Gatti
1472 1735 1558 1771 bull.
1582 1735 1768 1772 comwnale
1790 1734 1832 1771 di
1854 1734 1976 1772 Roma
1999 1736 2101 1774 1906

401 1799 437 1835 p.
458 1790 508 1824 60
531 1789 758 1836 imayinem).
795 1811 838 1817 —
876 1794 909 1835 1)
933 1790 995 1826 Sic
1017 1791 1147 1836 potius,
1181 1793 1267 1827 teste
1289 1791 1456 1838 imayine,
1483 1803 1592 1838 quam
1615 1791 1787 1838 Regenai,
1819 1790 1916 1836 quod
1936 1791 2103 1838 praefert

409 1845 565 1881 Gattius.
591 1866 636 1871 —
659 1849 694 1889 2)
722 1846 776 1892 Cf.
800 1858 915 1897 supra
937 1848 983 1884 N.
1008 1847 1184 1892 3147seq.
1830 1881 1832 1884 .

517 1946 631 1991 9232
690 1949 832 1993 Diana
859 1950 904 1993 af
932 1951 1067 1994 loueo.

515 2013 565 2049 In
580 2025 663 2050 vase
679 2026 795 2060 aeneo,
815 2016 865 2052 acl
880 2017 1017 2052 Nemus
1029 2016 1178 2051 Dianae
1195 2016 1334 2061 (Nemi)
1350 2026 1424 2062 rep.
1442 2015 1552 2062 (Eph.
1565 2016 1676 2062 epigr.
1696 2016 1727 2060 9,
1745 2016 1837 2060 645;
1864 1977 2103 2053 Chi-§lanzoni

403 2070 502 2106 Bull.
527 2070 622 2107 arch.
646 2073 833 2107 eomunale
857 2073 896 2108 di
918 2073 1039 2109 Roma
1062 2073 1214 2117 190722.
1232 2073 1309 2108 103
1331 2072 1447 2108 edidit
1466 2072 1694 2118 imaqinem).
1740 2071 1932 2119 Intellege:
1954 2071 2103 2108 Dianae

404 2127 449 2162 ab
467 2127 528 2171 (=
542 2127 603 2172 de)
622 2127 709 2163 luco.
752 2128 876 2164 Lucus
898 2129 976 2165 sine
995 2128 1103 2164 dubio
1120 2128 1295 2164 Aricinus
1309 2128 1384 2164 sive
1399 2128 1537 2164 Nemus
1552 2128 1706 2173 Dianae,
1733 2139 1777 2164 σω
1799 2139 1868 2174 quo
1890 2128 2106 2188 prodiet-unt

408 2183 520 2218 etiam
542 2184 591 2218 N
611 2185 713 2218 3233
725 2195 794 2228 seq.

522 2273 635 2317 9233
694 2289 812 2318 sacro
841 2276 974 2319 Matre
1003 2277 1191 2320 Mursina
1202 2279 1227 2319 ¹.

517 2340 567 2375 In
590 2342 663 2377 colo
687 2352 804 2386 aeneo,
830 2342 968 2378 Romae
984 2345 1101 2388 empto
1126 2345 1147 2388 ζ
1144 2355 1263 2389 prope
1280 2343 1477 2379 Cortonam
1499 2345 1543 2378 ut
1556 2342 1741 2378 dicebatur
1762 2343 1868 2388 rep),
1892 2342 1971 2379 iamt
1985 2341 2107 2378 Baiti-

407 2407 513 2440 more⁷
548 2397 678 2432 litteris
700 2398 805 2432 valde
828 2398 1002 2443 antiquis,
1038 2406 1050 2437 <
1073 2410 1146 2444 pro
1171 2404 1209 2444 C,
1246 2404 1267 2434 ζ
1281 2411 1355 2448 pro
1379 2402 1402 2433 S
1434 2398 1481 2444 (I
1499 2399 1552 2436 ed.
1568 2401 1596 2434 2
1611 2410 1654 2444 p.
1671 2400 1747 2434 434
1768 2410 1805 2435 n.
1823 2399 1902 2434 580
1917 2415 1960 2428 -ι
1976 2398 2108 2445 Harry

407 2451 599 2498 Lanyford
629 2453 769 2488 Wilson
798 2454 993 2490 American
1008 2455 1164 2499 Journal
1187 2456 1233 2502 of
1249 2455 1433 2502 philoloyy
1455 2457 1518 2499 28,
1549 2456 1654 2492 1907
1671 2466 1708 2501 p.
1731 2456 1808 2491 452
1831 2465 1913 2490 cwm
1936 2454 2037 2500 tab.)
2063 2476 2107 2480 -

413 2510 445 2547 1)
468 2507 551 2543 Dea
568 2511 761 2553 praeterea
783 2509 919 2555 iynota.

524 2599 638 2643 9234
695 2604 835 2645 saora¹
874 2602 1072 2646 Lanvi0‘2.

525 2666 658 2712 Teyula
685 2670 827 2712 reperta
858 2668 896 2703 in
927 2668 1028 2703 litore
1061 2669 1254 2706 Circeiensi
1290 2670 1406 2715 (Eph.
1430 2681 1484 2714 ep.
1511 2671 1542 2715 9,
1571 2671 1651 2715 974,
1678 2669 1719 2704 11‘
1751 2669 1847 2706 vidit
1876 2668 1940 2705 Th.
1964 2668 2114 2716 Ashby;

409 2721 613 2766 frustulum
628 2722 762 2758 similis
779 2723 916 2768 teyulae
932 2724 1011 2759 vidi
1025 2724 1197 2770 Lanuvii,
1224 2726 1320 2771 Eph.
1339 2727 1361 2761 l.
1375 2738 1402 2761 c.
1423 2727 1499 2771 974,
1517 2727 1587 2771 1·].
1604 2749 1649 2754 -
1676 2730 1707 2769 1)
1732 2726 1787 2771 Cf.
1803 2725 1850 2762 N.
1864 2726 1970 2761 3096
1984 2727 2056 2761 not.
2070 2726 2114 2771 525

412 2778 520 2813 4027
531 2780 604 2814 not.
630 2799 670 2804 —
697 2783 731 2822 2)
754 2779 944 2825 Intellege:
967 2779 1133 2816 Lanuvio
1160 2782 1289 2824 (Lanv-
1312 2782 1488 2827 seriptum
1512 2782 1622 2818 etiam
1644 2793 1758 2828 supra
1773 2782 1819 2819 N.
1839 2782 1932 2817 6194
1954 2783 1990 2817 et
2004 2781 2112 2825 alibi)
2138 2781 2139 2784 ’

406 2844 454 2869 se.
477 2834 664 2878 pertinens
687 2834 911 2879 Lanuvium,
938 2836 1063 2881 templi
1087 2837 1244 2873 Iunonis
1260 2838 1486 2875 Lanuvinae.
1529 2838 1628 2874 Eius
1652 2837 1776 2883 templi
1796 2837 2037 2883 possessiones
2061 2836 2113 2873 vi-

410 2889 543 2925 dentur
565 2901 602 2926 se
627 2891 828 2926 extendisse
852 2902 963 2936 usque
988 2892 1038 2927 ad
1062 2892 1149 2928 litus
1177 2893 1371 2944 Circeiense
1398 2895 1463 2939 (ef.
1488 2894 1583 2940 Eph.
1610 2895 1631 2930 l.
1648 2895 1707 2939 0.).

522 3046 669 3091 92342
706 3047 800 3092 Iovi
829 3062 866 3092 ο.
898 3063 952 3091 m.
980 3048 986 3105 Ι
1019 3063 1189 3093 sacrum
1217 3051 1221 3105 Ι
1249 3052 1294 3095 O.
1327 3052 1371 3096 O.
1404 3053 1463 3096 S)

514 3137 630 3182 9234
659 3137 681 3165 ¹²
723 3138 938 3182 Minervae
965 3139 970 3194 Ι
996 3153 1101 3184 sacr.
1126 3139 1132 3196 Ι
1161 3141 1205 3185 Ο.
1238 3142 1282 3186 Ο.
1315 3141 1357 3186 S.
