2170 3458
373 247 491 284 XLVI
1029 242 1210 279 Addenda.
1257 242 1376 286 caput
1398 240 1444 278 V.

487 358 600 405 9018
649 357 924 415 Honor[ati].¹
961 356 967 413 Ι
1003 358 1053 400 Α.
1085 355 1253 401 Vitellio
1283 358 1389 414 Pap.
1419 355 1549 402 Felici
1578 358 1790 402 Honorato
1824 358 1831 414 Ι
1870 371 1937 414 eq.
1965 357 2032 416 R,
2063 357 2073 416 1
2121 354 2123 356 ’

373 429 402 473 f.
421 430 480 473 a.²
510 433 554 473 at
580 426 776 472 vehicula
804 439 878 482 per
897 423 1148 468 Flaminiam
1175 425 1180 479 Ι
1210 423 1274 482 [f.]
1306 425 1363 469 a.⁸
1394 429 1508 470 trans
1537 426 1703 470 Padum
1731 430 1772 470 et
1799 425 2076 485 partcmzNol-
2131 468 2135 471 .

375 495 466 551 rici,
497 496 526 539 f.
554 495 613 539 a.²
642 500 687 539 at
713 494 834 538 fusa⁴
865 506 939 549 per
958 491 1217 550 Numidiam,
1244 492 1249 548 Ι
1277 492 1308 535 f.
1339 507 1378 536 a.
1409 498 1454 537 at
1481 493 1780 549 patrimonium
1810 493 2030 552 Κεάδας,
2063 498 2070 548 Ι

375 579 415 620 p.
443 564 503 620 p.⁶
533 562 674 619 agenti
701 576 776 618 per
805 559 1079 616 Campaniam
1111 559 1366 611 Galalbriam
1401 560 1633 606 Lucaniam
1663 561 1890 618 Picenum,
1925 568 2076 616 8111101-
2131 580 2134 581 ’

375 646 473 676 nam
510 630 695 676 curanti⁶
727 627 925 672 militibus
959 630 1069 683 Aug.
1100 642 1159 681 n.‚
1203 628 1429 681 salcerdoti
1459 628 1682 674 Lanuvino
1691 631 1717 687 ⁷,
1759 643 1836 687 pro
1871 621 2074 685 libertate

375 698 570 756 publica⁸
600 696 850 742 volumtaria
870 701 955 746 (sic)
978 701 1017 739 et
1036 695 1230 752 gratulita
1249 696 1458 751 legatione
1477 697 1633 754 functo,
1662 699 1716 742 ob
1736 695 1883 744 merita
1907 700 1916 753 Ι
1939 703 1981 744 et
1998 700 2072 744 ob·
2112 735 2142 756 ,
2164 715 2168 746 5·

375 766 523 822 sequia
552 767 640 810 eius
669 766 713 808 in
741 763 918 821 patriam
949 769 988 807 et
1012 766 1018 817 Ι
1044 763 1088 806 in
1110 762 1223 808 cives
1251 778 1460 817 amorem,
1489 778 1598 821 resp.
1620 766 1698 810 col.
1721 764 1828 811 Lic.⁹
1856 769 1864 820 Ι
1899 764 2071 824 Thugg.
2169 813 2170 816 ,

375 836 415 879 (1.
447 836 484 879 d.
517 849 557 890 p.
589 847 628 887 p.

489 899 664 945 Thuqqae
691 910 766 943 rep.
792 897 927 942 (VIII
947 897 984 933 S.
1002 897 1126 932 26582
1147 897 1224 933 vidi
1246 900 1414 944 ectypum
1441 901 1477 934 et
1500 898 1678 943 lapidem,·
1710 899 1756 935 L.
1771 894 2071 939 Poimeorznouv.
2136 907 2166 938 ’,

374 957 505 993 archiv.
533 957 594 992 des
617 955 715 991 miss.
731 953 886 998 scientif.
906 955 956 998 18,
986 954 1072 989 1909
1088 965 1131 999 p.
1150 955 1225 1000 146,
1243 954 1316 999 75).
1342 974 1383 979 —
1412 957 1442 998 l)
1467 954 1655 1007 Scriptum
1675 954 1719 991 in
1734 955 1884 1001 plintho
1907 955 2072 995 bacia—
2137 970 2156 990 ,ι

374 1018 407 1057 2)
423 1013 525 1050 Fisci
539 1013 716 1048 advocato.
737 1031 776 1037 —
803 1011 838 1055 3)
855 1013 904 1053 et,
925 1010 1021 1055 quod
1035 1010 1286 1056 expectaveris,
1305 1010 1399 1056 lapis
1413 1010 1476 1046 via.-
1491 1010 1668 1047 admittit.
1694 1010 1946 1054 Nihilomim
1959 1013 2072 1051 etiarm
2135 1018 2149 1061 'J
2165 1066 2168 1070 .

373 1071 414 1106 in
442 1069 705 1114 Transpadana
729 1070 764 1104 et
785 1067 918 1104 Norico
940 1066 1158 1103 Honoratus
1180 1079 1258 1102 rem
1280 1067 1538 1103 vehiculariam
1562 1067 1679 1104 tuitus
1702 1079 1776 1104 esse
1791 1069 1987 1115 putandm
2004 1067 2071 1108 est.

375 1127 443 1172 (In
463 1138 503 1162 re
525 1124 745 1161 vehicularia
769 1124 950 1170 reqionem
968 1123 1270 1169 Transpadanam
1294 1126 1333 1160 et
1347 1126 1498 1169 partem
1520 1123 1649 1161 Norici
1670 1136 1754 1161 cwm
1775 1123 1969 1172 flaminia
1988 1137 2070 1164 con-
2146 1156 2154 1168 .,

373 1183 535 1219 iunctam
551 1193 624 1217 esse
639 1192 713 1217 non
728 1183 782 1216 est
805 1180 970 1226 mirum.)
989 1201 1028 1206 —
1054 1182 1091 1226 4)
1115 1180 1257 1216 Munus
1279 1180 1456 1226 iynotum.
1502 1180 1609 1217 Fusa
1630 1182 1788 1228 fortasse
1800 1181 1963 1228 praedia
1986 1181 2071 1220 Gae-
2139 1176 2147 1190 ¹'

374 1240 468 1275 saris
491 1250 620 1284 sparsa
635 1250 707 1283 per
722 1237 951 1274 Numidiam.
974 1258 1019 1263 —
1043 1241 1076 1281 5)
1099 1236 1324 1282 Praeposito.
1360 1236 1415 1283 O'f.
1439 1248 1554 1283 supra
1576 1237 1623 1275 N.
1641 1239 1742 1274 2768.
1757 1237 1860 1275 2769.
1883 1259 1929 1266 -
1951 1238 1987 1284 6)
2011 1238 2070 1286 Of.
2135 1246 2157 1263 =·

374 1308 488 1341 supra
510 1295 558 1331 N.
583 1296 681 1330 2765.
707 1295 807 1329 8879.
832 1314 877 1319 -
900 1297 934 1336 ’7)
961 1293 1015 1340 Cf.
1039 1305 1154 1339 supra
1176 1293 1224 1329 N.
1247 1294 1349 1329 5014.
1373 1295 1474 1330 5015.
1500 1314 1543 1320 -—
1567 1296 1602 1337 8)
1629 1293 1688 1340 C'fi
1707 1306 1823 1341 supra
1844 1294 1893 1333 N.
1909 1296 2072 1339 6⁷96.,-
2142 1306 2145 1309 ·

375 1355 408 1395 9)
433 1352 506 1388 Lic.
538 1349 681 1387 litterae
704 1362 836 1393 erasae,
870 1350 932 1386 sed
960 1352 1081 1386 tamen
1105 1349 1287 1395 leguntur.
1329 1349 1479 1396 Thuyya
1502 1350 1650 1386 Ia'cinuz
1679 1350 1778 1388 dicta
1809 1351 1922 1388 etima
1954 1352 2072 1399 m
2143 1360 2145 1362 ’

374 1408 420 1444 Ν.
445 1410 522 1443 541.
569 1409 736 1453 Apparet
759 1407 909 1444 titulum
926 1407 1092 1452 positum
1117 1419 1190 1443 esse
1211 1407 1416 1452 imperante
1440 1407 1618 1444 Gallieno.

487 1522 601 1567 9019
649 1524 705 1566 M.
736 1521 904 1567 Antoni.
931 1525 937 1576 ι
964 1524 1020 1566 M.
1052 1523 1083 1567 f.
1114 1522 1249 1567 rabia
1274 1523 1280 1579 l
1307 1522 1495 1567 Fabiano
1525 1537 1638 1579 proc.
1667 1522 1780 1580 lxi.
1810 1505 2069 1577 cannarum

375 1596 414 1635 et
440 1596 595 1647 portus,
624 1590 721 1635 item
749 1593 755 1644 Ι
788 1590 1059 1645 argentariar.
1087 1590 1092 1646 Ι
1119 1589 1409 1645 Pannonicar.‚
1442 1591 1447 1646 Ι
1484 1590 1539 1635 c.¹
1569 1589 1726 1646 portori
1754 1588 1933 1648 Illyrici,
1956 1589 1965 1648 Ι
1995 1605 2070 1648 pa·
2092 1636 2094 1638 ,
2118 1591 2126 1639 J
2150 1603 2163 1642 11,

373 1664 491 1704 trono
522 1661 642 1715 bono,
667 1661 673 1712 1
700 1661 903 1702 Mercator
931 1657 1004 1701 lib.

485 1727 602 1771 Prope
626 1725 872 1762 Viminacium
888 1725 1092 1770 (Kostolac)
1117 1736 1192 1770 rep.
1218 1726 1237 1770 (
1247 1724 1351 1761 Vulic
1375 1727 1520 1762 oesterr.
1536 1723 1769 1770 Jahreshefte
1786 1726 1820 1771 8,
1839 1726 1927 1762 1905
1948 1724 2068 1762 Beibl.
2137 1717 2160 1775 ᾗ

364 1794 406 1827 p.
425 1783 478 1827 3).
492 1803 537 1808 —
563 1786 594 1826 1)
621 1782 837 1820 Conductori
862 1782 936 1826 (sic,
962 1784 1054 1818 recte
1076 1785 1122 1818 ut
1142 1782 1293 1826 videtur,
1329 1779 1446 1827 Vulid,
1471 1781 1535 1827 qui
1551 1781 1737 1819 lectionem
1758 1784 1894 1818 certam
1910 1792 1995 1826 ense,
2018 1780 2069 1817 la-
2148 1787 2157 1809 ἱ

364 1838 456 1883 pide
480 1839 597 1874 denuo
619 1839 789 1884 inspecto,
813 1839 1016 1883 adfirmat).

487 1929 603 1974 9020
631 1922 868 1986 Nepotiane
885 1930 895 1950 ¹
927 1944 961 1973 e.
985 1945 1022 1973 v.
1050 1929 1055 1986 Ι
1082 1944 1194 1986 proc.
1217 1928 1495 1985 sexagenario
1523 1929 1528 1986 Ι
1554 1931 1608 1974 ab
1629 1930 1735 1975 actis
1748 1932 1776 1986 2,
1802 1930 1808 1986 Ι
1834 1943 1948 1987 proc.
1969 1943 2069 1976 cen-

370 1997 528 2042 tenario
555 2000 561 2051 Ι
586 1997 746 2053 prima-e
775 1998 1038 2051 cathedrae⁸‚
1065 1998 1070 2050 Ι
1103 1998 1204 2042 ordo
1235 1996 1494 2042 Siccensium
1522 1998 1528 2053 Ι
1553 1997 1639 2042 civi
1669 2002 1709 2041 et
1737 1996 2066 2054 condecurionil

371 2065 410 2108 d.
443 2066 482 2108 d.
541 2099 551 2108 .
610 2099 620 2108 .
1588 2063 1592 2064 ⁷

484 2078 607 2167 Spiccalei
636 2132 808 2167 Veneriae
831 2131 1063 2178 (Hirschfeld
1085 2134 1154 2167 act.
1178 2132 1278 2167 acad.
1302 2131 1425 2167 Berol.
1445 2133 1532 2167 1905
1548 2144 1591 2177 p.
1606 2134 1672 2167 945
1697 2134 1880 2177 acceptam
1901 2144 1926 2168 a
1958 2131 2066 2168 Ville-

369 2187 510 2232 fossio).
563 2187 744 2224 Gemellus
759 2189 912 2229 videtur,
936 2191 1030 2223 certe
1046 2199 1122 2223 una
1144 2199 1227 2224 cum
1249 2188 1314 2223 hoc
1329 2189 1487 2234 positus,
1513 2188 1644 2224 titulus
1669 2187 1824 2224 Victoris
1845 2187 2067 2224 centurionis
2126 2226 2128 2229 ,
2149 2206 2152 2210 ·

369 2243 472 2287 infra
496 2243 543 2279 N.
564 2245 672 2279 9192.
699 2265 743 2270 -
770 2247 802 2287 1)
826 2244 885 2279 De
907 2244 1087 2280 Ianuario
1103 2243 1307 2289 Nepotiano
1330 2244 1528 2280 breviatore
1553 2244 1690 2280 Valerii
1711 2243 1875 2280 Maaeimi
1895 2244 2068 2290 ooyitavit

369 2299 591 2346 Hirschfeld.
617 2321 658 2326 —
683 2302 721 2345 2)
749 2300 805 2345 C'f.
829 2311 943 2345 supra
965 2300 1013 2336 N.
1031 2301 1128 2336 1410.
1148 2302 1246 2336 1687.
1267 2301 1373 2346 1688,·
1394 2300 1608 2346 Hirschfeld
1633 2300 1654 2336 l.
1670 2312 1700 2337 c.
1723 2320 1768 2326 —
1791 2301 1830 2346 3)
1854 2300 2066 2347 Siynifi'cari

369 2356 575 2392 cathedram
599 2357 788 2393 rhetorices
810 2357 851 2392 in
870 2357 959 2392 urbe
981 2357 1102 2392 Roma
1122 2359 1234 2401 putat
1256 2356 1480 2402 Hirschfeld.

479 2470 592 2515 9021
642 2472 682 2514 (1.
714 2486 769 2514 m.
804 2471 809 2527 Ι
843 2473 898 2514 Μ.
929 2472 1067 2515 Aurel.
1101 2469 1297 2527 'Phlallus
1326 2484 1438 2526 proc.
1473 2470 1478 2526 Ι
1515 2484 1668 2515 sacrar.
1699 2469 1883 2527 cognilt.¹
1914 2469 1996 2515 sibi
2024 2476 2064 2515 et

367 2538 468 2583 filiis
497 2539 595 2583 libb.
627 2553 665 2606 q.
697 2538 805 2582 fecit.
831 2539 837 2595 Ι
864 2537 1160 2590 Brecetiorlum
1171 2541 1201 2580 2.

481 2607 619 2644 Romae
643 2606 804 2651 (Notizie
828 2605 926 2650 deyli
946 2605 1042 2640 scavi
1059 2605 1146 2640 1898
1154 2616 1197 2649 p.
1217 2605 1310 2649 164).
1336 2624 1378 2629 —
1405 2606 1438 2647 1)
1464 2603 1520 2649 Cf.
1544 2604 1758 2649 Hirschfeld
1781 2603 2065 2643 Vera-Remu

373 2663 445 2709 (ed.
462 2664 503 2708 2)
518 2674 561 2708 p.
578 2663 666 2698 330.
690 2682 736 2688 —
759 2665 794 2705 2)
818 2661 976 2707 Signum
998 2663 1043 2697 ut
1064 2660 1208 2696 videtur
1233 2660 1354 2696 Thalli
1376 2663 1413 2696 et
1434 2660 1608 2706 filiorum.

477 2777 591 2823 9022
639 2778 683 2820 Μ
724 2777 865 2821 oribus
894 2776 964 2821 hic
992 2775 1170 2832 simplex
1200 2774 1304 2820 situs
1329 2776 1335 2831 Ι
1363 2781 1424 2820 est
1454 2775 1573 2820 Titus
1602 2775 1750 2820 Aelius
1779 2776 1976 2834 Faustus,
2001 2775 2008 2833 Ι

635 2859 663 2889 a
700 2844 796 2888 nnis
824 2844 869 2887 in
897 2845 1033 2888 lucem
1063 2844 1211 2900 duodel
1220 2843 1391 2899 triginta
1419 2848 1616 2898 moratus,
1645 2845 1650 2899 Ι

635 2927 659 2956 c
695 2912 741 2955 ui
770 2912 969 2956 dederant
997 2911 1198 2968 pinguem
1223 2910 1230 2967 Ι
1255 2910 1423 2967 populis
1451 2913 1650 2967 praebere
1678 2911 1906 2967 liquorem¹
1931 2910 1939 2968 Ι

634 2982 673 3023 Α
707 2979 915 3032 ntoninus,
946 2978 1045 3023 item
1077 2979 1334 3023 Commodus
1359 2978 1366 3035 Ι
1392 2977 1517 3022 simul
1545 2979 1842 3035 induperantcs
1853 2980 1878 3023 ².
1906 2980 1913 3035 Ι

584 3057 603 3089 5
632 3049 672 3091 R
705 3061 781 3091 ara
808 3047 899 3091 viro
929 3045 1016 3090 vita
1045 3051 1085 3090 et
1112 3045 1283 3103 species,
1308 3048 1315 3099 Ι
1340 3046 1557 3091 rarissima
1583 3047 1712 3091 fama.
1741 3047 1748 3103 Ι

637 3114 695 3172 [1]
737 3113 869 3159 nvida
897 3115 971 3158 sed
999 3113 1139 3170 rapuit
1166 3128 1331 3170 semper
1355 3116 1362 3167 Ι
1387 3115 1572 3160 Fortuna
1600 3116 1809 3170 probatos.
1836 3115 1843 3170 Ι
