2170 3458
375 230 560 268 CLXVIII
1129 229 1311 266 Mantissa.

378 346 433 388 14)
461 343 642 388 Opimam.
667 363 711 370 —-
738 346 793 386 15)
819 343 888 379 Ter
909 342 951 378 in
973 342 1096 378 aedem
1119 341 1300 388 inyressos
1324 342 1379 376 ter
1402 352 1446 376 σω
1470 352 1511 376 ea
1527 342 1744 386 processisse
1765 341 1903 386 fratres
1919 339 2070 377 Arvales

376 412 474 437 nunc
494 400 663 445 primum
686 399 905 446 aynoscitur.
931 418 972 424 —
1005 401 1059 441 16)
1082 398 1143 433 Ad
1165 398 1257 433 hanc
1280 396 1437 442 offarum
1458 398 1501 433 in
1521 408 1648 433 mensa
1671 397 1888 433 oblationem
1909 396 2073 442 spectant

376 467 420 491 ex
442 456 534 492 actis
556 457 649 492 anni
669 457 746 491 218
774 455 916 491 dudum
940 457 1043 498 nota,
1071 456 1132 490 sed
1155 464 1230 490 non
1259 455 1352 489 recte
1375 453 1482 489 lecta:
1517 453 1556 489 in
1584 464 1707 489 mensa
1737 463 1878 490 sacrum
1906 451 2071 488 fecerunt

377 512 495 557 offflis
520 513 587 553 (sic
602 524 647 548 eoe
663 515 786 558 ectypo
793 522 807 557 ;
828 510 934 553 o[ll]is
958 513 1067 546 antea
1092 510 1291 556 leyebatur)
1315 512 1353 544 et
1377 513 1461 545 ante
1485 510 1608 545 aedem
1631 509 1670 545 in
1693 509 1828 555 cespite
1849 519 2010 555 promag.
2033 510 2072 544 et

376 568 480 604 flam.
504 579 594 605 sacr.
618 568 735 610 fecer„
765 578 809 603 etc
838 567 929 602 actis
951 566 1043 602 anni
1070 565 1227 601 alicuius
1250 564 1378 600 incerti
1401 564 1461 602 VI
1479 566 1583 601 2109
1604 577 1683 602 cum
1707 566 1792 603 add.
1814 563 1956 602 Notizie
1978 563 2074 610 deyli

375 625 474 660 scaci
487 625 583 660 1899
606 635 642 670 p.
658 624 740 659 267
759 623 900 669 (imayo
923 621 1013 658 Klio
1037 623 1074 667 2,
1090 622 1206 667 277).·
1231 622 1295 665 [in]
1320 622 1477 666 caespite
1501 625 1587 658 ante
1609 622 1647 658 is,
1662 647 1671 657 .
1689 648 1697 658 .
1715 648 1724 658 .
1741 648 1750 658 .
1775 620 1954 658 coniunct.
1977 620 2073 657 lacte

375 680 480 715 iocin.
506 680 544 716 fa
561 706 570 716 .
588 706 597 715 .
614 707 623 716 .
641 707 649 716 .
665 680 722 715 nis
756 690 865 724 super
888 677 1046 723 caespite
1071 677 1178 714 fecer.
1213 697 1258 703 —
1298 678 1354 722 17)
1384 677 1487 713 Haec
1508 677 1624 723 plane
1652 678 1800 714 obscura
1827 676 1891 713 sed
1915 675 2074 713 lectionis

375 738 489 771 certae
506 737 570 782 (cf.
587 737 700 772 etiam
715 738 789 771 not.
805 736 854 770 16
865 735 960 780 fin).
976 754 1021 759 —
1047 735 1102 776 18)
1125 733 1187 769 Sic
1204 734 1368 779 legerunt
1381 733 1544 779 editores,
1568 737 1604 770 et
1616 735 1668 770 sic
1683 733 1813 779 potius
1826 743 1939 778 quam
1960 731 2074 768 rumis

376 792 487 827 etiam
505 791 641 827 tabula.
658 811 703 817 —
730 792 784 835 19)
808 791 928 827 Plane
944 790 1065 826 eodem
1081 789 1186 825 modo
1201 790 1243 825 in
1258 791 1348 826 actis
1363 801 1477 835 supra
1494 790 1586 835 (not.
1602 790 1669 835 16)
1684 790 1825 826 citatis:
1851 789 1956 832 ite[m
1970 788 2075 834 foras

376 847 426 882 ad
442 850 509 890 ar.]
534 848 694 890 rever[si]
718 873 727 882 .
745 873 754 882 .
772 873 781 882 .
798 847 848 882 tis
871 847 956 882 trib.
979 846 1198 891 prae[c]a[ti].
1216 865 1261 871 —
1286 847 1342 890 20)
1367 845 1519 882 Excidit
1542 846 1678 882 aedem.
1696 865 1736 872 —
1761 847 1819 889 21)
1841 844 1945 880 Haec
1959 843 2076 890 plane

375 903 496 938 eodem
512 903 617 938 modo
633 903 755 939 eodem
773 903 846 939 loco
858 902 938 948 fuit
950 902 991 937 in
1003 902 1094 938 actis
1113 901 1257 937 mutilis
1272 912 1387 947 supra
1401 904 1491 944 (not.
1503 903 1565 946 16)
1581 902 1721 938 citatis:
1744 901 1872 937 deinde
1887 901 1926 936 in
1941 900 2076 943 a[edem

374 959 506 994 reversi
528 959 621 994 ollas
643 970 725 995 cum
745 959 885 1004 pulltes
908 958 1069 1004 praecati
1092 959 1275 1003 co[nt]eg.‚
1298 958 1478 1002 similiter,
1501 958 1564 995 sed
1580 957 1653 993 alio
1670 958 1753 1003 loco,
1776 957 1818 994 in
1833 957 1923 993 aclis
1938 967 1973 992 a.
1988 956 2075 992 218.

375 1016 459 1050 219.
484 1035 528 1041 -
558 1017 615 1058 22)
638 1015 791 1050 Publici.
818 1035 858 1040 —
889 1016 945 1059 23)
970 1014 1173 1050 sacerdotes
1202 1014 1346 1050 videtur
1369 1014 1559 1051 delendum
1582 1025 1664 1051 esse.
1694 1035 1740 1041 —
1770 1015 1826 1057 24)
1850 1012 1924 1048 Hic
1939 1021 2076 1057 quoque

372 1071 485 1115 plane
500 1072 729 1107 consentiunt
744 1073 826 1106 acta
841 1071 974 1107 mutila
989 1081 1102 1117 supra
1119 1071 1210 1115 (not.
1222 1071 1286 1114 16)
1302 1071 1434 1106 citata:
1456 1082 1551 1116 mag.
1569 1074 1608 1107 et
1623 1071 1735 1114 fl[wm.
1757 1081 1841 1106 cum
1856 1069 1968 1116 pu]bl.
1987 1068 2076 1105 duos

376 1138 397 1162 a
411 1153 419 1161 .
433 1152 442 1161 .
466 1127 577 1171 accip.
594 1130 632 1162 et
648 1127 766 1163 ianuis
782 1127 950 1173 a[p]ertis
966 1137 1030 1172 per
1046 1126 1181 1162 clivum
1200 1126 1339 1170 [MJatr.
1356 1127 1489 1162 Larum
1508 1129 1686 1171 [c]e[nam]
1703 1155 1711 1163 .
1726 1154 1735 1164 .
1752 1126 1862 1169 (male
1877 1125 2077 1162 decurtavit

375 1182 460 1218 haec
474 1184 630 1228 scriptor
644 1185 808 1219 actorum
830 1195 864 1220 a.
880 1184 957 1219 218
973 1185 1009 1219 et
1023 1184 1118 1218 219.-
1143 1183 1251 1219 osteis
1275 1182 1409 1226 apertis
1432 1193 1496 1227 per
1511 1183 1645 1220 clivum
1668 1183 1921 1227 iactaverunt).
1957 1180 2082 1226 Matri

376 1239 519 1274 Larum
537 1239 690 1275 Arvales
714 1251 819 1275 sacra
842 1239 1008 1285 fecerunt
1030 1240 1140 1275 etiam
1162 1238 1204 1274 in
1227 1239 1496 1283 ewpiationibus
1519 1239 1722 1276 maioribus
1747 1239 1877 1285 (supra
1899 1237 1948 1275 N.
1964 1239 2074 1274 5047.

378 1296 490 1337 5048,
523 1296 567 1341 cf.
592 1295 744 1331 Henzen
767 1298 836 1331 aet.
858 1306 893 1340 p.
909 1296 1008 1341 145).
1062 1295 1268 1331 Videndum
1299 1305 1389 1331 num
1419 1296 1454 1331 ei
1475 1295 1622 1340 alicuod
1644 1306 1833 1332 commune
1854 1293 1970 1341 fuerit
1995 1305 2077 1331 cum

375 1350 554 1387 Larentia
570 1351 722 1388 Romuli
744 1352 897 1395 nutrice,
919 1353 1084 1398 fratrum
1101 1351 1296 1386 Arvalium
1318 1352 1382 1396 qui
1398 1351 1519 1396 primi
1539 1351 1695 1396 fuerunt
1715 1353 1832 1387 matre
1855 1350 1972 1393 (Plin.
1989 1349 2024 1386 h.
2039 1361 2076 1386 n.

374 1408 433 1450 18,
449 1409 487 1452 2,
507 1409 539 1442 6.
569 1407 660 1444 Gell.
681 1409 709 1453 7,
732 1409 760 1450 7,
781 1409 832 1453 6).
874 1428 914 1433 —
955 1411 1012 1451 25)
1035 1407 1167 1444 Etiam
1189 1407 1236 1443 N.
1256 1408 1367 1442 5039.
1389 1408 1494 1443 5040
1525 1410 1559 1443 et
1579 1409 1620 1444 in
1643 1409 1735 1444 actis
1757 1408 1854 1444 anni
1874 1406 1993 1453 ignoti
2015 1406 2076 1452 (cf.

375 1465 447 1499 not.
469 1465 534 1508 16)
569 1475 677 1500 cenae
700 1464 807 1500 illam
829 1474 894 1510 per
915 1464 1046 1500 clivum
1068 1465 1299 1500 iactationem
1321 1464 1551 1509 subsequitur
1582 1464 1735 1510 partitio
1759 1465 1913 1509 panium
1936 1463 2077 1500 laurea-

377 1522 507 1555 torum.
532 1540 577 1545 —
601 1523 657 1564 26)
681 1521 844 1556 Secundo
867 1520 911 1555 de
934 1521 1021 1556 aede
1036 1522 1250 1565 procedunt.
1274 1539 1320 1545 —
1349 1521 1406 1564 27)
1430 1520 1532 1556 Haec
1556 1531 1694 1566 quoque
1710 1532 1833 1566 paene
1855 1520 1905 1556 ad
1926 1520 2074 1556 verbum

375 1575 417 1612 in
434 1577 525 1612 actis
549 1576 642 1612 anni
657 1577 789 1612 incerti
809 1586 923 1622 supra
940 1577 1032 1622 (not.
1048 1577 1112 1622 16)
1127 1576 1252 1612 citatis
1267 1587 1297 1611 v.
1314 1577 1365 1611 10
1376 1587 1444 1620 seq.
1452 1588 1464 1611 :
1486 1577 1577 1612 item
1599 1577 1643 1612 de
1665 1576 1753 1612 aede
1775 1577 1910 1620 exie[r.]
1934 1579 1973 1612 et
1994 1580 2076 1613 ante

375 1644 475 1668 aram
501 1659 510 1668 .
528 1659 537 1668 .
557 1660 565 1668 .
590 1636 652 1675 [e]t
667 1633 761 1669 fiam.
778 1633 944 1669 Donatus
960 1632 1048 1668 duos
1064 1632 1192 1678 colleg.
1216 1636 1311 1674 su[os
1335 1633 1394 1674 a]d
1419 1633 1516 1677 frug.
1541 1632 1732 1678 peten[das
1749 1632 1881 1678 miser„
1905 1635 2015 1678 mlag.
2039 1635 2078 1668 et

376 1689 470 1724 fiam.
492 1700 572 1724 cum
591 1689 733 1735 scyphis
749 1690 824 1725 vini
841 1689 993 1732 [rever]si
1018 1699 1097 1724 cum
1122 1689 1264 1735 fru[9ib.
1289 1689 1418 1725 deoetra
1440 1689 1591 1735 scyphos
1612 1689 1741 1732 deden]
1764 1689 1872 1726 laeva
1891 1690 1989 1735 frug.
2005 1700 2077 1726 acc.

376 1745 427 1781 In
453 1745 543 1781 actis
566 1757 750 1781 annorum
766 1747 842 1781 218
864 1747 900 1781 et
920 1747 994 1781 219
1018 1745 1103 1780 haec
1124 1745 1180 1781 vel
1202 1745 1342 1781 similia
1356 1746 1622 1790 praecedebant
1644 1746 1801 1782 ollarum
1816 1746 2076 1792 precationem,

376 1802 473 1837 unde
497 1802 629 1838 desunt
656 1803 698 1837 in
721 1801 811 1837 actis
834 1813 867 1837 a.
884 1802 959 1837 219
981 1812 1098 1846 supra
1122 1801 1274 1837 mutilis.
1314 1822 1357 1827 —-
1397 1804 1454 1844 28)
1477 1802 1606 1838 Etiam
1634 1802 1677 1838 in
1706 1803 1798 1839 actis
1825 1803 1921 1839 anni
1947 1803 2079 1838 incerti

375 1859 453 1902 (VI
462 1859 565 1893 2109
584 1870 613 1894 v.
631 1858 691 1903 11)
714 1857 778 1894 hoc
801 1858 874 1894 loco
899 1857 1052 1903 leyitur:
1082 1857 1198 1893 deind.
1223 1861 1357 1900 car[m.]
1381 1885 1391 1894 .
1409 1886 1416 1894 .
1436 1886 1443 1894 .
1464 1878 1510 1884 —
1534 1859 1590 1902 29)
1614 1858 1730 1903 panif-
1753 1857 1920 1895 admittit
1942 1858 2077 1902 tabula,

376 1916 411 1949 et
431 1915 482 1949 sic
504 1914 582 1949 sine
606 1914 714 1950 dubio
736 1914 1018 1959 intellegendum
1038 1913 1191 1958 (lustin.
1210 1915 1276 1957 20,
1292 1916 1329 1958 2,
1351 1915 1408 1960 7),·
1436 1914 1548 1950 canis·
1564 1915 1826 1959 praetulerunt
1847 1915 2010 1951 editores.
2034 1934 2075 1941 -

376 1970 432 2015 30)
458 1970 646 2015 Similiter,
677 1971 740 2006 sed
767 1970 892 2014 paullo
922 1969 1071 2015 brevius,
1103 1969 1274 2005 videntur
1302 1969 1386 2006 haec
1413 1973 1587 2007 enarrata
1614 1971 1732 2016 fuisse
1765 1971 1806 2007 in
1835 1971 1926 2007 actis
1956 1970 2078 2007 citatis

375 2029 450 2062 not.
474 2028 539 2062 16:
575 2026 684 2068 [ilnde
715 2026 760 2062 ad
793 2037 832 2062 ar
849 2052 966 2062 .....
996 2026 1076 2070 fec„
1111 2026 1239 2062 deinde
1269 2026 1400 2062 corbul.
1431 2037 1510 2062 cum
1541 2053 1550 2062 .
1569 2053 1578 2063 .
1595 2039 1621 2071 .;
1656 2029 1738 2064 acta
1766 2028 1861 2063 anni
1889 2028 1965 2063 218
1994 2027 2078 2062 haec

375 2083 498 2118 omnia
523 2083 632 2119 aliter
656 2082 926 2119 ordinaverunt.
950 2102 991 2108 —
1018 2086 1076 2127 31)
1097 2082 1183 2118 Iam
1208 2083 1314 2119 tertio
1337 2082 1378 2118 in
1402 2083 1526 2119 aedem
1549 2084 1818 2129 inqrediuntur.
1842 2103 1887 2110 —·
1910 2086 1968 2127 32)
1991 2082 2078 2120 Non

374 2139 492 2175 solum
519 2139 641 2184 ipsum
668 2150 830 2181 carmen,
866 2139 1108 2185 perscriptum
1137 2139 1178 2174 in
1207 2138 1299 2175 actis
1324 2151 1357 2174 a.
1382 2141 1468 2184 218,
1505 2140 1698 2184 omittitur,
1727 2140 1791 2177 sed
1813 2141 1924 2177 etiam
1952 2139 2078 2175 aedem

377 2195 540 2230 clausam
557 2206 640 2239 esse,
665 2206 787 2231 omnes
802 2194 904 2239 foras
920 2196 1060 2241 exiisse,
1084 2195 1170 2231 alia.
1191 2215 1230 2221 —
1258 2198 1314 2238 33)
1345 2195 1472 2232 Unctio
1495 2196 1580 2232 haec
1602 2196 1754 2232 dearum
1775 2196 1817 2232 in
1839 2196 1930 2233 actis
1952 2207 1986 2232 a.
2002 2196 2079 2232 218

375 2252 411 2286 et
424 2251 498 2286 219
520 2251 703 2296 praecedit
727 2251 1009 2296 tripodationem
1032 2251 1220 2287 carminis.
1238 2271 1279 2276 —-
1305 2254 1362 2294 34)
1385 2251 1545 2288 Arescon
1567 2252 1624 2288 hic
1646 2252 1880 2289 Manilianus
1903 2262 2076 2288 commen-

376 2306 550 2343 tariensis
572 2309 798 2343 memoratur
821 2308 932 2342 etiam
957 2307 996 2343 in
1020 2308 1111 2344 actis
1134 2308 1229 2343 anni
1242 2308 1315 2342 241
1340 2306 1421 2351 (VI
1431 2309 1530 2344 2414
1545 2320 1576 2344 v.
1594 2310 1677 2354 23),
1700 2309 1763 2345 sed
1784 2310 1826 2345 in
1847 2309 2078 2345 enarratione

374 2374 560 2399 sacrorum
591 2363 666 2398 diei
688 2364 824 2408 primi,
862 2363 1051 2400 divisionis
1085 2366 1129 2400 ut
1161 2364 1304 2399 videtur
1337 2374 1466 2399 curam
1498 2376 1619 2410 ayens.
1674 2365 1869 2401 Praeterea
1901 2374 2076 2400 commen-

379 2420 549 2455 tariensis
571 2422 795 2455 memoratur
824 2420 865 2455 in
890 2420 1094 2464 expiatione
1116 2420 1275 2464 quadam
1298 2431 1395 2455 anno
1418 2422 1493 2456 221
1518 2420 1600 2466 (VI
1615 2422 1719 2457 2105
1739 2433 1769 2457 υ.
1785 2422 1866 2465 18),
1896 2431 1971 2456 una
1993 2430 2074 2456 cum

374 2475 541 2520 publicis.
565 2498 610 2503 —
633 2479 691 2516 35)
714 2476 861 2511 Insere:
884 2486 1024 2511 nomen.
1049 2495 1095 2501 —
1119 2478 1176 2519 36)
1199 2475 1463 2512 Narrationem
1485 2477 1641 2513 similem
1665 2477 1708 2513 de
1730 2476 1907 2513 inlatione
1929 2486 2073 2512 corona-

378 2543 463 2567 rum
492 2531 635 2567 videtur
664 2534 750 2567 ante
778 2532 896 2567 oculos
919 2531 1085 2567 habuisse
1112 2531 1268 2576 scriptor
1296 2534 1459 2568 actorum
1488 2545 1522 2568 a.
1546 2535 1621 2569 219
1644 2533 1709 2579 (N.
1735 2534 1870 2578 5040),
1904 2532 1967 2568 sed
1995 2543 2075 2567 eam

380 2587 471 2623 male
495 2587 693 2623 decurtavit
715 2588 816 2632 (acta
832 2587 922 2623 anni
938 2588 1014 2622 218
1036 2587 1113 2623 iam
1136 2588 1322 2632 deficiunt)
1329 2598 1343 2633 ;
1370 2588 1412 2624 in
1435 2589 1527 2625 actis
1550 2591 1816 2635 antiquioribus
1839 2589 1969 2625 inlatio
1991 2588 2076 2624 haec

377 2654 593 2679 coronarum
622 2644 770 2680 breviter
799 2646 945 2680 tantum
973 2645 1194 2679 memoratur
1217 2645 1280 2690 (cf.
1305 2644 1353 2680 N.
1373 2646 1501 2690 5037).
1532 2666 1575 2671 —
1607 2650 1663 2690 37)
1686 2646 1883 2692 Intellege:
1914 2645 2076 2691 legerunt

378 2699 469 2743 (vel.·
494 2699 644 2745 leyunt).
684 2699 763 2745 Quo
778 2701 959 2745 pertineat
974 2699 1059 2735 haec
1076 2699 1176 2735 lectio
1200 2700 1398 2737 obscurum.
1416 2721 1460 2727 —
1486 2704 1541 2744 38)
1566 2703 1628 2747 qui
1651 2703 1832 2747 abundat,
1867 2704 1923 2742 39)
1946 2701 2034 2736 item
2057 2700 2076 2736 1

378 2755 630 2801 numerus(?);
658 2759 786 2792 contra
810 2757 941 2792 desunt
962 2755 1115 2791 nomina
1130 2756 1304 2801 magistri
1325 2759 1361 2792 et
1381 2756 1556 2801 flaminis.
1572 2779 1617 2784 —
1640 2761 1697 2802 40)
1721 2758 1822 2794 Haec
1838 2757 1954 2793 simili
1968 2756 2075 2792 modo

377 2814 549 2847 enarrata
573 2814 681 2848 etant
702 2813 744 2848 in
765 2813 857 2849 actis
879 2812 970 2848 anni
992 2811 1121 2848 incerti
1152 2811 1208 2848 VI
1229 2813 1363 2849 32391.
