2150 3502
713 898 1140 958 PRAEFATIO.

99 1018 143 1054 ἢ]

139 1070 314 1129 Opus
346 1070 526 1116 absolvo
561 1070 677 1127 quod
715 1085 785 1116 me
821 1084 896 1127 per
930 1068 1082 1146 viginti
1120 1068 1310 1125 quinque
1343 1081 1480 1113 annos
1514 1068 1666 1124 tenuit,
1703 1082 1790 1114 non

190 1137 421 1196 siugulis
448 1139 697 1186 mortalibus
725 1139 803 1184 sed
820 1137 1032 1184 universis
1050 1138 1177 1182 rebus
1195 1135 1397 1182 humanis
1425 1137 1601 1193 longum
1631 1141 1792 1194 tempo-

103 1205 350 1267 ῃιιιιιιιι.
390 1205 572 1252 Diutius
589 1206 699 1252 haec
717 1220 839 1253 mora
859 1205 1132 1251 excusatione
1151 1204 1227 1251 vix
1247 1209 1364 1261 eget3
1390 1205 1525 1249 moles
1543 1209 1585 1249 et
1604 1203 1790 1249 difficul-

164 1274 307 1334 operis
333 1279 549 1320 auctorem
578 1274 682 1320 satis
709 1276 985 1322 excusabunt.
1045 1273 1240 1319 Ceterum
1271 1272 1380 1318 haec
1407 1286 1529 1318 mora
1557 1271 1639 1329 ipsi
1673 1272 1790 1330 operi

90 1335 96 1343 ’
211 1340 409 1419 profuit3
435 1341 497 1388 ita
514 1341 628 1388 enim
657 1343 818 1388 factum
840 1348 913 1400 est,
942 1347 991 1387 ut
1008 1342 1169 1386 multae
1197 1339 1492 1417 inscriptiones
1520 1354 1598 1398 per
1617 1353 1787 1386 cursum

150 1409 161 1419 ’
207 1432 212 1443 =
259 1409 461 1468 quinque
504 1411 656 1457 horum
699 1425 909 1457 annorum
954 1415 1144 1467 repertae
1186 1408 1339 1466 partim
1385 1408 1430 1453 in
1471 1408 1608 1467 ipsius
1651 1407 1791 1465 operis

112 1531 120 1535 ,
199 1477 498 1537 posteriores,
528 1478 682 1536 partim
710 1478 754 1523 in
774 1479 987 1525 Addenda
1015 1476 1132 1535 operi
1151 1476 1319 1522 adiecta
1338 1477 1438 1531 (vol.
1455 1477 1526 1520 III
1547 1491 1588 1534 p.
1604 1478 1672 1522 IX
1687 1480 1791 1534 seq.)

110 1552 121 1561 ’“
145 1543 156 1555 ’
187 1567 189 1570 ·
241 1549 284 1601 οι
318 1546 481 1593 auxilio
525 1546 713 1600 indicum
761 1562 858 1593 cum
899 1545 1048 1592 ceteris
1096 1544 1286 1603 partibus
1325 1543 1529 1601 coniungi
1566 1545 1788 1602 potuerint.

207 1627 308 1672 pars
336 1619 549 1673 postrema
571 1616 893 1671 Addendorum,
921 1614 991 1660 cui
1020 1613 1252 1660 Mantissae
1281 1627 1438 1658 nomen
1468 1613 1566 1658 dedi
1597 1614 1697 1666 (vol.
1720 1615 1790 1658 III

66 1711 70 1723 ι
79 1679 319 1730 mavul
333 1686 453 1741 seq),
482 1689 579 1740 post
606 1683 769 1730 indices
799 1684 971 1729 demum
1002 1683 1222 1740 impressa,
1253 1682 1336 1727 hac
1365 1696 1462 1727 oum
1493 1681 1668 1739 reliquis
1698 1696 1791 1739 par·

148 1773 151 1784 ¹
215 1750 513 1798 coniunctione
539 1757 672 1806 caret;
709 1767 762 1798 ea
789 1751 919 1809 igitur
947 1765 1139 1798 seorsum
1168 1749 1415 1796 adhibenda
1445 1750 1531 1795 erit.

82 1835 99 1850 ⁹
187 1818 457 1878 Propositum
487 1819 595 1864 mihi
624 1826 731 1875 erat,
767 1826 815 1865 ut
843 1820 963 1866 initio
992 1819 1132 1877 operis
1160 1819 1380 1876 professus
1409 1833 1517 1876 sum,
1547 1834 1600 1864 ex
1630 1818 1791 1896 ingenti

74 1882 86 1895 “
133 1917 137 1924 -
192 1901 254 1934 ro
280 1887 602 1946 inscriptionum
632 1887 880 1934 Intinarum
916 1903 991 1934 eas
1019 1887 1197 1944 seligere
1232 1902 1344 1944 quae
1372 1901 1439 1932 res
1468 1887 1577 1933 scitu
1607 1887 1793 1932 maxime

71 1951 88 1969 ²
119 1981 139 2007 2
177 1976 193 1992 »τ
217 1991 221 1994 -
264 1955 543 2013 continerent3
583 1962 625 2001 et
651 1956 738 2002 iam
775 1971 804 2002 a
832 1971 901 2002 me
931 1957 1130 2002 effectum
1166 1969 1259 2001 esse
1287 1960 1403 2012 puto,
1437 1961 1484 1999 ut
1518 1961 1794 2001 monumenta

69 2032 95 2046 ·’
194 2024 523 2083 quingentorum
551 2025 643 2070 fere
670 2039 880 2070 annorum
887 2025 1165 2081 [uberrimam
1199 2031 1240 2070 et
1265 2024 1522 2082 fidissimam
1543 2025 1792 2069 memoriam

67 2105 92 2129 ··
185 2093 317 2150 lexa,
352 2091 558 2139 facilioris
597 2107 796 2138 accessus
833 2092 917 2138 sint
954 2107 1084 2150 quam
1122 2097 1260 2138 antea.
1321 2078 1491 2137 Omissa
1528 2106 1557 2137 a
1594 2106 1663 2136 me
1701 2106 1795 2137 esse

67 2154 69 2158 ’
113 2183 153 2201 21
188 2175 281 2218 *uon
307 2175 451 2219 pauca
487 2175 600 2219 quae
633 2160 765 2218 recipi
803 2166 1046 2218 potuerunt,
1083 2162 1290 2206 nonnulla
1325 2175 1437 2217 quae
1474 2159 1606 2217 recipi
1635 2160 1792 2205 debue-

140 2251 159 2268 ι·
234 2229 442 2279 Officium
462 2229 669 2287 seligendi
698 2228 993 2286 inscriptiones
1022 2229 1230 2275 iudicium
1262 2229 1479 2286 quoddam
1511 2229 1564 2273 de
1585 2228 1792 2286 dignitate

60 2342 62 2346 .
157 2327 170 2337 υ
184 2297 394 2345 forium-2³⁴
425 2297 531 2343 mihi
558 2297 771 2356 imposuit,
800 2297 846 2342 in
875 2312 961 2354 quo
992 2297 1151 2343 iudicio
1180 2299 1272 2343 sine
1302 2297 1432 2342 dubio
1461 2297 1671 2342 interdum
1703 2298 1793 2352 lap-

132 2421 138 2433 „
178 2381 288 2415 sum.
338 2367 393 2412 Et
420 2380 519 2413 cum
543 2366 866 2423 inscriptionum
897 2365 1164 2412 collectiones
1193 2372 1279 2411 tam
1302 2371 1463 2411 veteres
1492 2380 1623 2422 quam
1643 2379 1790 2420 novas,

205 2433 485 2482 effossionum
521 2440 562 2480 et
591 2434 980 2492 peregrinationum
1017 2434 1242 2480 relationes
1272 2435 1381 2480 varii
1418 2435 1586 2492 generis
1619 2433 1793 2479 assiduo

54 2535 77 2566 „2
108 2496 114 2504 ’
258 2517 379 2562 rem,
421 2507 563 2548 tamen
603 2502 775 2560 accidit,
817 2509 865 2548 ut
899 2508 1175 2548 monumenta
1211 2503 1417 2548 nonnulla
1455 2507 1531 2547 aut
1564 2503 1690 2560 plane
1726 2517 1794 2546 me

52 2562 98 2616 ’Ἧι
138 2596 141 2601 -
169 2605 175 2611 .
211 2577 272 2617 -ιιι
309 2576 386 2618 aut
419 2575 529 2617 certe
567 2575 670 2616 tune
702 2573 878 2617 laterent
921 2585 1019 2616 cum
1058 2570 1189 2628 recipi
1230 2572 1452 2616 debebant.
1494 2596 1550 2603 —
1590 2571 1794 2616 Consulto

73 2656 75 2663 ⁴
148 2659 208 2677 1-2·
253 2637 379 2684 omisi
413 2638 708 2697 inscriptiones
742 2638 906 2695 aliquot
939 2638 1146 2697 insignes,
1185 2653 1366 2696 quarum
1407 2644 1551 2684 extant
1587 2638 1795 2683 editiones

242 2727 259 2745 κ·
284 2727 292 2743 2
335 2711 377 2753 et
410 2708 609 2753 omnibus
639 2713 782 2762 uotae,
819 2708 1051 2764 praecipue
1082 2713 1403 2753 monumentum
1435 2709 1716 2765 Ancyranum
1756 2712 1797 2751 et

69 2827 72 2831 ,
223 2780 354 2822 enta
382 2775 559 2832 legalia,
591 2774 650 2821 ita
678 2780 821 2820 tamen
850 2780 896 2819 ut
926 2790 979 2820 ex
1009 2775 1075 2821 his
1104 2777 1308 2833 pleraque
1337 2776 1566 2833 reciperem
1598 2789 1709 2850 quae
1738 2775 1794 2818 ad

50 2840 149 2897 {35OE
172 2798 393 2920 publicum
422 2843 643 2901 pertinent.
703 2844 768 2888 Ex
797 2843 919 2889 fastis
949 2844 1270 2900 magistratuum
1303 2850 1345 2889 et
1374 2859 1427 2889 ex
1456 2843 1578 2904 fastis
1607 2842 1709 2887 anni
1739 2842 1795 2887 ci-

51 2920 61 2964 .ἶ·
75 2906 178 2961 th'u
218 2911 454 2968 specimina
495 2916 660 2957 tantum
704 2926 847 2968 pauca
889 2912 1001 2957 dedi.
1062 2915 1286 2959 Praeterea
1329 2900 1574 2957 necessitate
1619 2916 1796 2967 cogente

48 2977 204 3029 mini
237 2979 393 3026 multas
426 2979 721 3037 inscriptiones
755 2994 868 3036 quae
904 2982 1071 3027 lacerae
1110 2982 1179 3027 vel
1215 2982 1327 3026 male
1357 2980 1595 3037 descriptae
1632 2980 1689 3024 ad
1717 2993 1796 3023 nos

44 3059 51 3071 ·’
71 3052 370 3104 pervenerunt
419 3048 517 3093 Hoc
546 3062 684 3104 genus
712 3048 1033 3106 inscriptionum
1065 3064 1149 3094 non
1171 3048 1343 3106 quidem
1374 3049 1518 3105 procul
1542 3047 1690 3096 habui,
1721 3047 1796 3091 sed

52 3156 61 3177 4
77 3111 223 3162 'huon
249 3129 354 3173 prae
382 3115 530 3161 ceteris
558 3115 824 3173 aliquantum
856 3117 1038 3172 neglexi.
1098 3117 1147 3164 Si
1175 3117 1304 3162 unius
1342 3116 1618 3173 eiusdemque
1649 3115 1797 3160 classis

63 3181 373 3240 vinscriptiones
402 3189 568 3240 praesto
598 3189 718 3230 erant
745 3184 856 3231 aliae
876 3184 1066 3242 integrae
1096 3190 1136 3230 et
1164 3185 1354 3230 lectionis
1384 3189 1519 3229 certae
1561 3184 1672 3228 aliae
1693 3188 1795 3226 tem·
