2170 3458
373 245 454 282 CIV
997 241 1184 278 Addenda.
1232 240 1350 285 Caput
1372 239 1436 275 XI.

485 356 630 401 924710
665 355 840 402 Silvano
870 369 1035 399 sacrum
1071 354 1077 410 Ι
1117 367 1193 407 pro
1223 353 1357 397 salute
1387 353 1433 397 O.
1465 350 1647 396 Laeeani
1674 351 1680 406 Ι
1717 349 1840 396 Bassi
1869 345 2074 399 Caecinae

372 424 518 469 Paeti³
550 429 556 476 1
593 424 903 478 liberorumque
933 421 1023 465 eius
1050 421 1055 476 Ι
1081 421 1271 465 Theseus
1301 433 1377 463 ser.
1410 433 1451 462 v.
1482 431 1515 462 s.
2142 441 2166 483 ”32

485 491 606 536 Prope
628 491 855 532 Minturnas,
879 489 928 524 ad
946 485 1089 524 ‘Monte
1113 482 1342 532 d'UAryento
1363 485 1410 530 cf.
1435 485 1477 520 X
1497 486 1609 521 6044.
1636 486 1740 521 6055
1760 454 1868 530 (Mel.
1892 483 1950 522 de
1959 485 2075 524 l’e‘oole
2155 486 2165 497 “

373 547 422 592 fr.
442 547 485 583 de
498 546 613 583 Rome
632 548 735 583 1907
754 557 789 591 p.
804 547 970 589 497l8n.
986 545 1087 578 2-4,
1111 562 1155 569 -
1182 546 1214 585 1)
1236 541 1408 579 Fortasse
1430 541 1464 578 is
1485 542 1549 586 qui
1569 551 1685 587 supra
1706 536 1754 578 N.
1773 540 1880 578 5929.
1899 543 2013 580 6049.
2028 563 2074 570 —
2144 540 2170 593 ἓξ

374 606 409 644 2)
436 604 640 649 Ooynonzen
667 603 822 647 fortasse
851 612 925 637 non
952 602 1042 636 recte
1073 601 1266 644 eoeceptum.
1303 618 1346 624 —
1383 600 1416 641 3)
1454 597 1499 634 G.
1522 597 1731 634 Laecanius
1754 597 1898 635 Bassus
1921 598 2075 642 Caecina

372 659 524 695 Flaccus
548 661 600 694 est
620 658 687 694 IX
708 660 767 694 39.

485 770 598 815 9248
647 773 693 814 Ρ.
714 770 931 814 Flavidius
960 770 1006 812 L.
1035 768 1065 812 f.
1094 769 1099 823 Ι
1125 767 1396 824 Septuminus
1422 767 1428 824 Ι
1454 768 1585 824 praef.
1616 768 1742 813 classi
1767 769 1774 826 Ι
1801 769 2014 815 Vacunae.

484 837 535 873 In
554 837 703 873 Sabinis
728 838 799 873 Ioco
824 837 915 872 dicto
930 835 1045 871 Poeta
1068 835 1117 870 ad
1140 834 1239 870 viam
1255 833 1445 870 Salariam
1468 845 1542 880 rep.
1568 834 1798 880 (Pereichetti
1819 835 1963 874 Noticie
1977 836 2072 884 degli

372 895 469 930 soavi
501 895 603 930 1906
629 905 671 938 p.
696 894 802 938 466).
838 913 882 918 —
919 891 1044 927 Etiam
1078 891 1236 936 reliquae
1269 890 1523 936 inscriptiones
1564 890 1730 927 Vacunae
1764 891 1905 928 dicatae
1938 893 2072 939 (supra

372 950 419 986 N.
447 951 549 986 3484
564 951 653 995 seq.)
676 950 717 985 in
741 948 890 984 Sabinis
906 947 1138 993 prodierunt.

485 1062 599 1106 9249
648 1061 828 1118 Popillia
857 1061 1039 1106 Psacas¹
1071 1030 1165 1105 cuni]
1198 1059 1363 1105 Thaine
1389 1060 1394 1117 Ι
1429 1060 1647 1118 [eoll]ega²
1676 1075 1756 1107 sua
1784 1062 1834 1106 B.
1865 1061 1926 1106 d.³
1956 1062 1998 1106 d.
2029 1063 2070 1107 d.

484 1129 604 1174 Prope
626 1128 785 1164 Romam
807 1128 856 1164 ad
872 1130 1023 1173 pontem
1045 1127 1317 1164 Nomentanum
1340 1139 1426 1173 rep„
1451 1127 1662 1174 epistylium
1685 1139 1931 1165 marmoreum
1954 1129 2087 1176 (Vay-t.

374 1186 455 1221 lieri
477 1185 618 1221 Notizie
641 1185 734 1230 deyli
757 1184 853 1220 soavi
876 1186 980 1220 1908
995 1196 1037 1229 p.
1057 1186 1147 1228 132).
1178 1204 1222 1210 ——
1260 1186 1291 1227 1)
1315 1184 1446 1220 Psecas
1470 1183 1624 1229 (Psaeas
1647 1185 1758 1221 etiam
1780 1184 1848 1222 IV
1869 1187 2002 1233 3905).
2026 1208 2072 1215 -—

373 1246 407 1285 2)
435 1242 533 1278 Nota
556 1242 705 1287 colleyae
727 1241 940 1277 vocabulum
964 1241 1007 1276 de
1028 1240 1169 1286 femina
1190 1242 1421 1285 usurpatum.
1446 1260 1487 1265 —-
1517 1243 1550 1283 3)
1573 1240 1702 1277 Bonae
1725 1241 1822 1278 deae.

455 1343 569 1388 9250
645 1355 691 1391 ab
714 1366 790 1390 una
807 1357 918 1400 parte
1568 1354 1613 1390 ab
1638 1355 1756 1392 altera

515 1411 694 1456 Laribus
722 1411 962 1468 Augustiis¹
988 1417 1062 1459 (sic)
1223 1410 1440 1468 [Lalribus
1451 1412 1560 1467 Aug.
1578 1413 1583 1467 Ι
1602 1411 1711 1456 vicei
1726 1414 1868 1458 Statan
1882 1415 1891 1469 Ι
1907 1414 2072 1459 matris*

472 1479 648 1523 ministri
876 1478 974 1524 anni
1004 1480 1092 1523 V1²
1436 1478 1612 1524 ministri
1640 1482 1743 1525 anni
1773 1481 1833 1524 VI
1935 1479 1937 1482 ’

522 1557 622 1593 intra
645 1568 814 1594 coronam
838 1569 1035 1603 quernam:
1483 1557 1646 1603 (patera)
1668 1559 1710 1595 L.
1734 1562 1773 1595 et
1797 1559 1840 1597 N.
1865 1560 2023 1598 savoni⁶

575 1614 694 1658 Felix
725 1616 772 1658 L.
805 1615 1030 1660 Orautani³
1282 1600 1401 1658 Felix
1432 1615 1479 1658 L.
1509 1614 1723 1660 Grautani
1737 1616 1971 1662 Ptolomaei

572 1683 722 1727 Florus
752 1682 848 1727 Sex.
878 1681 1033 1726 Avieni
1465 1693 1642 1738 (spatium
1664 1694 1858 1740 vacumn)⁷

577 1750 801 1794 Eudoxsus
826 1755 905 1799 (sic)
936 1750 982 1795 O.
1014 1749 1137 1795 Gaesi
1284 1750 1488 1795 Eudoxus
1525 1750 1571 1795 G.
1602 1749 1725 1795 Caesi
1754 1752 1802 1795 L.
1831 1751 1862 1795 f.
1893 1750 2041 1808 Nigri‘

576 1817 808 1875 Polyclitus
839 1818 937 1863 Sex.
967 1818 1153 1862 Anchari
1285 1817 1518 1875 Polyclitus
1547 1818 1645 1863 Sex.
1674 1818 1860 1863 Anchari
1887 1819 2034 1864 Fausti

333 1922 336 1926 .
377 1885 422 1927 L.
444 1883 619 1929 Caninio
641 1886 762 1929 Gallo
793 1885 837 1929 G.
860 1885 985 1930 Fufio
1012 1885 1189 1930 Gemino
1287 1886 1334 1929 L.
1367 1884 1543 1931 Caninio
1583 1885 1705 1930 Gallo
1743 1885 1790 1931 O.
1819 1887 1856 1930 F
1855 1885 1946 1932 ufio

553 1952 660 2016 lffls!
689 1953 828 1996 XIIII
858 1953 901 1996 k.
933 1954 1098 1998 Octobr.
1421 1952 1598 1998 Gemino
1627 1953 1736 1997 XIV
1763 1954 1806 1997 k.
1838 1954 1930 1999 Oct.
1983 1930 2067 1962 ‘⁵⁰3'

884 2020 941 2065 (in
962 2022 1113 2066 utroque
1137 2021 1267 2057 latere:
1285 2031 1411 2056 ramus
1435 2020 1560 2066 lauri).

485 2075 625 2111 Romae
655 2075 696 2111 in
725 2078 845 2112 monte
872 2076 1000 2112 Caelio
1029 2089 1104 2123 rep.
1135 2077 1258 2120 (Gratti
1289 2077 1373 2113 bull.
1397 2077 1584 2113 comunale
1605 2078 1708 2112 1906
1722 2089 1765 2122 p.
1787 2078 1865 2113 187
1875 2088 1954 2128 seq„
1988 2089 2070 2115 cum

374 2131 594 2177 imayinibus
626 2132 698 2167 tab.
724 2132 811 2168 VII.
838 2132 965 2177 VIII).
1001 2153 1044 2159 --
1087 2137 1118 2177 1)
1143 2133 1291 2170 Similes
1321 2134 1446 2171 titulos
1475 2145 1500 2169 a
1527 2135 1712 2179 magistris
1739 2133 1795 2170 vel
1815 2134 1996 2172 ministris
2017 2135 2070 2171 vi-

375 2198 496 2223 corum
520 2187 680 2223 Laribus
703 2188 880 2234 Auqustis
904 2189 1085 2226 dedicatos
1110 2190 1218 2226 habes
1240 2201 1355 2235 supra
1376 2189 1424 2226 N.
1442 2190 1691 2226 3612—3621.
1714 2210 1760 2215 -
1783 2192 1817 2233 2)
1840 2190 1945 2227 Anni
1965 2191 2068 2227 sexti.

375 2245 542 2288 Apparet
563 2244 626 2279 hos
649 2244 836 2280 ministros
858 2245 974 2281 creari
996 2246 1149 2291 coepisse
1171 2258 1205 2283 a.
1227 2247 1300 2282 747
1319 2245 1379 2291 (cf.
1403 2256 1517 2291 supra
1539 2245 1587 2281 N.
1605 2246 1704 2281 3613
1720 2247 1793 2282 not.
1809 2246 1862 2291 3).
1885 2266 1932 2273 —
1954 2250 1988 2291 3)
2013 2247 2069 2283 Sc.

374 2311 507 2335 servus.
541 2319 582 2324 —
619 2302 653 2342 4)
678 2301 723 2335 A.
747 2312 783 2337 u.
807 2312 834 2336 c.
864 2302 936 2345 752,
969 2302 1071 2338 cuius
1096 2303 1187 2339 anni
1206 2304 1318 2348 parte
1341 2302 1465 2347 aliqua
1489 2301 1692 2338 Caninium
1719 2301 1869 2338 Gallum
1891 2303 2071 2340 eom-ulem

374 2356 489 2400 fuisse
516 2366 597 2391 cum
626 2356 790 2402 Augusto
815 2356 930 2392 XIII
953 2360 1080 2394 notum
1110 2361 1163 2394 est
1189 2371 1235 2395 em
1266 2358 1384 2394 Veleio
1408 2362 1443 2401 2,
1459 2359 1549 2394 100.
1601 2358 1768 2404 Apparet
1795 2358 1961 2405 Augusto
1991 2359 2070 2405 suf-

374 2412 507 2456 fectum
531 2422 603 2447 esse
625 2412 778 2457 Fufium
799 2412 1004 2449 Geminum.
1045 2414 1178 2460 Fufius
1201 2417 1237 2451 et
1262 2414 1446 2451 Caninius
1468 2415 1628 2451 consules
1649 2416 1836 2460 praeterea
1858 2425 1933 2451 non
1954 2415 2070 2452 nomi-

374 2470 521 2514 nantur,
544 2468 607 2503 sed
621 2471 708 2504 nota
731 2471 784 2505 est
806 2470 863 2504 leae
877 2469 989 2514 Fufia
1008 2470 1168 2507 Caninia
1191 2472 1234 2507 de
1248 2471 1355 2507 modo
1377 2482 1560 2507 servorum
1583 2473 1792 2508 testanaento
1815 2471 2071 2508 manumitten-

375 2525 503 2560 dorum
527 2523 634 2570 (Gai.
656 2527 685 2569 1,
704 2526 758 2559 42.
775 2527 830 2560 46.
854 2526 886 2570 2,
903 2527 981 2561 228.
997 2528 1076 2571 239,
1103 2528 1204 2573 apud
1226 2539 1330 2573 quem
1352 2529 1436 2563 ante
1453 2527 1746 2564 Studemundum
1761 2527 1934 2564 edebatur
1947 2527 2069 2575 Furia,

374 2581 516 2617 Paulus
537 2583 627 2616 sent.
647 2582 686 2626 ,4,
702 2582 759 2616 14.
793 2580 937 2626 Ulpian.
953 2594 1024 2628 req.
1043 2589 1073 2628 1,
1089 2585 1145 2619 24.
1173 2583 1261 2629 Diy.
1280 2585 1340 2630 50,
1357 2585 1415 2626 16,
1431 2585 1514 2619 215.
1541 2583 1627 2620 Ood.
1642 2584 1737 2620 Iuet.
1757 2584 1787 2630 7,
1805 2585 1839 2619 3.
1861 2583 1955 2621 Inet.
1975 2589 2006 2628 1,
2022 2587 2069 2631 7),

375 2637 421 2672 ab
443 2637 520 2672 illis
542 2639 681 2682 royata.
705 2657 750 2662 ——-
786 2640 820 2679 5)
843 2637 901 2672 De
926 2637 1033 2673 Stata
1055 2642 1171 2675 matre
1194 2640 1242 2685 cf.
1266 2651 1382 2686 supra
1403 2639 1451 2676 N.
1476 2641 1578 2675 3306
1588 2651 1656 2685 seq.
1679 2660 1739 2679 -,
1761 2643 1794 2684 6)
1817 2640 1920 2683 Haec
1943 2640 2070 2686 litteris

375 2692 586 2738 minoribus,
610 2704 654 2728 ex
668 2694 778 2737 parte
801 2692 910 2728 etiam
925 2695 1153 2740 eontiqnatis,
1178 2696 1294 2732 incisa
1315 2699 1405 2732 sunt
1425 2697 1533 2732 ἱκεσία
1549 2698 1740 2742 pateram;
1764 2707 1832 2742 quo
1847 2698 2070 2743 pertineant,

374 2760 448 2784 non
470 2750 633 2794 apparet.
668 2769 713 2774 —
749 2752 782 2791 7)
805 2748 948 2784 Nomen
969 2750 1080 2786 unius
1103 2763 1147 2786 ex
1169 2753 1349 2789 ministris
1372 2753 1506 2797 (Flori)
1530 2753 1717 2798 omissum,
1742 2753 1862 2799 spatio
1885 2764 1995 2790 vacuo
2017 2765 2070 2790 re-

376 2806 467 2841 licto.
491 2825 533 2831 —
562 2808 596 2846 8)
619 2804 797 2840 Diversus
823 2805 860 2842 Ο.
880 2805 1027 2841 Caesius
1049 2806 1163 2852 Niqer
1184 2819 1299 2854 supra
1321 2808 1369 2846 N.
1389 2811 1485 2845 1320.

486 2930 627 2975 92512
673 2931 804 2975 Lares
830 2930 837 2988 Ι
862 2931 1104 2976 semitales¹.

486 3019 630 3065 925110
675 3022 803 3065 Lares
829 3020 835 3077 Ι
861 3019 1148 3078 [e]uri[a]les².

485 3109 627 3155 92510
673 3112 801 3155 Lares
827 3110 833 3166 Ι
859 3111 1024 3155 viales³.
