2170 3458
368 200 554 238 CXXXVI
957 200 1148 238 Addenda.
1195 200 1316 246 Caput
1338 199 1459 236 XIIII.

371 313 478 350 verba
501 313 671 349 Sallustii
693 313 794 359 (hist.
806 313 860 350 II
869 314 917 359 fr.
930 315 975 348 64
991 313 1045 350 ed.
1065 311 1403 356 MwurmbrecherJ:
1420 308 1635 356 ‘Saguntini
1655 310 1728 356 fide
1749 312 1856 356 atque
1877 310 2066 349 mo

371 364 517 416 inclyti’
541 369 773 417 (Hieronym.
790 369 831 406 in
846 370 990 406 Abacuc
1004 371 1041 415 2,
1061 370 1084 404 9
1108 368 1184 411 [VI
1193 380 1236 414 p.
1252 368 1351 403 1358
1366 366 1533 413 MiqneD,
1560 366 1670 403 etiam
1692 367 1739 403 ab
1762 366 1848 404 aliie
1870 377 1977 414 caepe
1997 365 2065 405 ad-

370 422 486 461 hibita
509 426 671 471 (monuit
689 425 907 470 Buecheler).
933 446 974 451 —
1002 428 1036 468 6)
1061 425 1203 460 Scilicet
1223 423 1265 459 in
1287 423 1390 459 curia
1412 423 1467 459 vel
1490 425 1574 459 ante
1596 423 1745 460 our-im.

483 549 598 595 9409
636 552 676 596 d.
701 567 755 595 m.
782 552 788 608 Ι
815 552 863 595 Ρ.
881 549 1016 595 Iulius
1035 551 1084 594 P.
1105 550 1134 593 f.
1157 548 1273 602 Quir.
1296 549 1498 595 Martialis
1518 548 1651 606 Publi}
1669 584 1680 594 .
1695 584 1706 594 .
1721 563 1844 595 amus
1859 552 1972 601 (itio)¹
2001 563 2065 598 88·

372 619 518 664 cerdos
544 622 550 673 Ι
578 618 775 664 Caelestis
805 618 979 663 Sittiane
1005 616 1010 674 Ι
1037 617 1117 662 1οοί
1146 616 1297 673 primi²
1329 618 1336 672 Ι
1369 632 1410 662 v.
1439 632 1479 663 a.
1511 618 1712 662 LXXXV
1739 619 1744 674 Ι
1771 617 1813 662 h.
1842 631 1876 663 s.
1907 630 1943 662 c.

489 686 609 722 Cirtae
631 697 705 731 rep.
730 685 919 730 (viderunt
943 684 1085 730 annat
1107 686 1142 719 et
1166 683 1265 720 Gsezl
1287 684 1370 721 Rec.
1395 684 1438 720 de
1458 686 1575 721 Const.
1592 684 1666 720 XL
1683 696 1726 730 p.
1743 685 1822 720 430
1843 695 1880 720 n.
1897 684 2004 730 463).
2019 703 2065 710 —

375 745 408 786 1)
431 769 440 778 .
459 770 467 780 .
486 768 494 777 .
512 768 520 778 .
535 753 637 778 amus
662 742 801 778 litterae
817 743 949 785 certae;
973 742 1057 776 ante
1072 751 1135 776 eac
1151 740 1271 777 littera
1293 751 1369 777 una
1392 743 1460 777 aut
1474 741 1569 777 deest
1591 743 1659 778 aut
1679 751 1786 778 erana
1800 742 1863 778 ecl.
1877 759 1924 769 --
1946 743 1981 783 2)
2003 740 2067 777 Sa.-

373 800 498 836 cerdos
521 799 589 835 loci
613 798 758 834 secundi
784 797 909 842 templi
934 796 1115 833 Sittianae
1145 796 1228 842 (ubi
1260 796 1429 833 Caelestis
1458 797 1671 834 vocabulum
1700 797 1873 835 excidisse
1901 796 1957 834 vel
1985 796 2068 834 mb-

371 854 646 901 intelliyendum
674 865 747 890 esse
769 853 940 898 apparet)
964 854 1017 888 est
1037 852 1079 888 in
1103 855 1126 888 t.
1153 853 1309 890 Cirtenei
1329 852 1436 890 VIII
1447 853 1486 890 S.
1501 855 1657 899 195123
1655 864 1662 872 ·
1693 853 1790 890 aliua
1810 853 1977 891 sacerdon
2000 851 2071 891 loci

373 911 485 958 primi
503 910 678 947 Cirtensis
693 909 780 945 ibid.
796 910 927 945 19447.
958 909 1146 955 Aynomen
1162 908 1229 946 dea
1245 909 1373 946 habuit
1386 921 1410 946 a
1425 910 1606 946 conditore
1622 910 1779 947 coloniae
1794 909 1914 947 Sittio.
1946 909 2071 946 δωοβ

373 964 496 1004 dotes‘
505 967 572 1003 loci
586 962 721 1011 primi’
746 965 945 1011 Africanos
967 965 1075 1001 habes
1097 977 1212 1012 supra
1235 966 1282 1003 N.
1307 968 1411 1002 4468
1434 969 1467 1003 et
1489 967 1590 1004 alibi.

372 1050 473 1057 ,ο-ο-ο

484 1091 599 1138 9410
638 1092 814 1136 Mathun
835 1092 1082 1138 Massiranis
1106 1094 1114 1150 Ι
1139 1092 1270 1156 filius2
1297 1093 1491 1150 princeps
1518 1093 1709 1139 familiae
1730 1095 1914 1151 Medid.¹‚
1939 1094 1947 1151 Ι
1970 1093 2070 1152 pius

373 1160 477 1206 vixit
505 1159 628 1204 annis
658 1160 794 1216 LXX,
823 1160 865 1205 h.
896 1174 929 1205 s.
961 1175 994 1204 c.
1023 1160 1029 1216 Ι
1056 1161 1168 1206 Oura
1197 1166 1372 1217 egerunt
1400 1161 1466 1205 fili
1495 1161 1612 1206 eiius.

485 1227 590 1263 Inter
614 1227 763 1263 Cilliwm
786 1229 822 1263 et
845 1227 1010 1273 Thelepte
1033 1228 1099 1274 (cf.
1122 1239 1237 1274 supra
1251 1228 1299 1265 N.
1319 1229 1437 1274 9393)
1460 1240 1543 1274 rep„
1569 1239 1644 1266 non
1667 1232 1768 1276 lonye
1789 1232 1834 1268 ut
1853 1230 1999 1267 videm
2020 1221 2081 1266 ab⁴

373 1285 536 1322 Hencliir
563 1284 697 1330 Rechiy
726 1283 884 1328 (Merlin
913 1283 1000 1320 bull.
1031 1284 1074 1320 de
1106 1285 1143 1320 la
1171 1295 1240 1321 soc.
1263 1285 1414 1321 archdol.
1446 1285 1490 1321 de
1513 1285 1645 1322 Soucse
1666 1287 1772 1322 1908
1796 1286 1886 1332 fax.
1911 1288 1930 1321 1
1960 1296 1997 1333 p.
2019 1286 2073 1322 10

374 1352 409 1378 n.
434 1342 506 1387 19).
546 1361 590 1367 --
633 1343 665 1384 1)
693 1340 835 1377 Nomen
862 1341 940 1376 sine
970 1340 1079 1376 dubio
1107 1340 1194 1376 haec
1215 1341 1377 1386 familia,
1403 1341 1476 1377 eive
1495 1353 1583 1388 qens
1605 1342 1695 1388 fuit,
1728 1343 1846 1379 traxit
1865 1341 1912 1379 ab
1936 1341 2073 1388 oppidu

374 1398 532 1435 eiusdem
555 1397 712 1444 regionis
734 1396 874 1433 Mididi
897 1397 963 1442 (cf.
991 1397 1028 1432 Ο.
1056 1396 1158 1433 VIII
1169 1409 1211 1443 p.
1234 1399 1286 1434 77.
1305 1398 1414 1433 1218.
1435 1398 1561 1443 2369‚·
1584 1409 1700 1444 supra
1721 1398 1769 1436 N.
1789 1399 1890 1443 637).

487 1601 599 1647 9411
641 1601 769 1647 Gaius
789 1599 966 1658 Epicadi
994 1601 1024 1646 f.
1046 1601 1262 1659 princeps¹
1289 1601 1295 1659 Ι
1322 1601 1500 1647 civitatis
1520 1601 1758 1648 Doclatium
1771 1603 1796 1661 ²,
1826 1600 1896 1649 hic
1923 1603 2039 1650 situs.
2062 1601 2071 1662 Ι

712 1669 808 1714 Hoc
836 1669 929 1713 fieri
960 1668 1081 1714 iussit
1108 1669 1271 1725 genitor
1300 1669 1379 1714 sibi
1409 1675 1448 1714 et
1473 1672 1479 1727 Ι
1505 1670 1603 1715 suis.

434 1738 506 1784 Set
534 1737 598 1781 fili
628 1736 718 1782 cius
747 1736 920 1782 Piassus
933 1739 962 1793 ³,
1000 1737 1224 1794 Epicadus,
1251 1737 1257 1794 Ι
1283 1736 1461 1793 Scerdis‚
1491 1739 1623 1783 Verzo
1646 1764 1698 1770 —

710 1810 749 1850 et
778 1820 945 1850 summa
972 1806 1137 1850 adiecta
1162 1805 1168 1863 Ι
1195 1805 1327 1850 efficit
1354 1805 1467 1850 istud
1497 1820 1616 1863 opus.

635 1874 710 1918 Est
737 1875 884 1930 pictas,
913 1873 1084 1930 natique
1109 1872 1115 1931 Ι
1141 1873 1223 1918 hoc
1251 1873 1443 1918 auxsissc
1472 1872 1668 1918 videntur
1677 1876 1704 1930 ⁴,

712 1946 752 1986 et
779 1941 977 1986 decorant
1003 1942 1009 1997 Ι
1033 1941 1145 1986 facto
1175 1946 1215 1985 et
1243 1942 1394 1986 docent
1422 1955 1513 1987 esse
1540 1940 1647 1999 pios.

490 2031 604 2077 9412
644 2031 819 2087 Αςῑηοῡ
843 2031 1021 2088 Epicadi
1040 2032 1070 2075 f.
1091 2032 1274 2089 principi
1294 2032 1355 2076 ιω
1378 2032 1555 2077 Salthua
1579 2033 1585 2089 ι
1611 2037 1652 2076 et
1670 2031 1869 2077 'semeiae
1885 2031 2009 2077 Glari
2026 2004 2076 2088 23

377 2098 477 2143 fecit
503 2098 717 2155 Epicadus
743 2100 774 2144 f.
801 2099 807 2157 Ι
834 2111 1013 2156 (sequitur
1034 2121 1181 2147 carmen
1202 2121 1370 2147 vereumn
1394 2115 1480 2157 sex).

496 2177 663 2214 Grahovo
686 2178 727 2214 in
749 2189 857 2225 reqno
872 2178 1147 2226 Monteneqrino
1170 2179 1303 2226 (Vulie'
1317 2178 1546 2225 Jahreshefte
1561 2179 1624 2215 dee
1638 2180 1779 2216 oeeterr.
1796 2178 1890 2215 aroh.
1903 2177 2078 2216 Instituta

383 2235 433 2277 12,
450 2234 552 2269 1909
575 2233 692 2270 Beibl.
716 2245 750 2279 p.
767 2236 859 2271 202.
876 2235 951 2271 201
977 2235 1028 2271 ad
1051 2236 1244 2282 ectypum).
1283 2255 1328 2261 —
1369 2238 1401 2279 1)
1425 2235 1552 2272 Alium
1568 2235 1778 2281 principem
1799 2233 1960 2272 'civitatis
1981 2234 2076 2275 Dal,-

380 2290 542 2325 matinae
564 2289 671 2326 habes
693 2301 807 2336 cupra
828 2290 876 2327 N.
898 2291 997 2328 7164.
1023 2311 1066 2317 —
1090 2294 1124 2334 2)
1149 2291 1204 2338 Of.
1228 2291 1277 2329 N.
1297 2293 1390 2327 7158
1404 2294 1466 2328 cet.
1496 2311 1541 2318 -—
1575 2295 1610 2334 3)
1632 2290 1804 2328 Fortasse
1825 2302 1893 2328 εσν.
1916 2290 2077 2329 Plausus.

380 2346 508 2382 Huius
527 2347 687 2383 nominis
708 2347 813 2384 homo
835 2359 884 2384 ex
899 2347 1034 2385 Doclea
1056 2347 1098 2384 in
1121 2350 1145 2385 t.
1161 2347 1448 2394 Mogontiacenci
1469 2347 1585 2384 XIII
1599 2349 1698 2384 7039
1716 2347 1876 2394 (Ῡιιῑίιῼ.
1898 2367 1945 2376 -
1966 2350 2001 2391 4)
2023 2346 2079 2383 Et

381 2403 489 2438 verba
514 2403 669 2447 turbata,
695 2406 730 2439 et
750 2406 914 2441 metrum.
938 2425 984 2431 —
1009 2408 1041 2448 5)
1065 2404 1201 2442 Frater
1221 2404 1365 2442 videtur
1386 2404 1501 2450 fuisse
1525 2404 1618 2442 Caii.
1643 2423 1684 2432 --
1715 2407 1749 2449 6)
1771 2404 1940 2442 Kamai.

495 2582 609 2628 9413
667 2583 801 2629 Genio
831 2585 1011 2631 viciniae
1054 2588 1060 2643 Ι
1106 2587 1378 2633 castellanac¹
1416 2585 1686 2644 Ollbiensiun
1709 2591 1798 2638 (eie)
1812 2590 1830 2618 2
1865 2587 1914 2632 L.
1943 2585 2075 2645 Rupi-

384 2652 451 2696 lus
474 2655 561 2701 (mk)
587 2650 592 2707 Ι
619 2651 799 2698 Iacchus
828 2653 868 2696 d.
900 2654 940 2699 d.
971 2669 1007 2699 c.
1037 2656 1091 2699 s.³

498 2717 617 2764 Prope
639 2718 781 2764 Hyeres
807 2731 891 2765 rep„
929 2721 1026 2757 basis
1047 2724 1187 2758 statuae
1209 2722 1394 2767 iuvenilis,
1430 2733 1474 2758 ατε
1495 2733 1568 2767 qua
1587 2721 1696 2770 pedes
1719 2723 1863 2759 tantum
1884 2721 2080 2768 supereum

386 2772 679 2820 (Gerin-Rioard
700 2786 804 2811 revue
820 2776 880 2811 cles
896 2776 1017 2812 e'tudes
1031 2788 1109 2814 anc.
1125 2779 1222 2814 1910
1236 2789 1273 2826 p.
1294 2778 1338 2815 74
1361 2777 1582 2824 imayinem).
1605 2797 1652 2804 —
1676 2780 1706 2820 1)
1729 2775 1901 2823 Intellege
1919 2775 2077 2814 amiam

385 2830 547 2867 vicorum
562 2832 598 2866 et
611 2830 838 2866 castellorum
857 2831 1090 2870 Olbiensium.
1124 2833 1267 2881 C'aqnat
1279 2834 1420 2880 confert
1433 2834 1580 2871 titulum
1599 2833 1822 2871 Trevericum
1838 2831 1954 2871 XIII
1964 2833 2075 2878 3652,

391 2886 506 2924 Genio
536 2885 689 2922 viciniae
718 2886 931 2923 dedicatwm.
971 2908 1015 2915 —
1054 2892 1088 2932 2)
1116 2889 1260 2926 Olbiam
1289 2902 1374 2927 orae
1395 2890 1639 2928 Massiliensis
1666 2891 1870 2926 memorant
1896 2888 2029 2926 Strabo
2051 2889 2077 2925 4

385 2952 422 2990 p.
438 2943 525 2979 180.
542 2942 635 2987 184‚·
658 2941 757 2979 Mela
773 2944 809 2987 2,
829 2943 891 2988 77;
914 2944 1008 2981 Ptol.
1024 2946 1059 2989 2,
1077 2947 1137 2992 10,
1156 2947 1201 2993 8;
1222 2947 1343 2993 Steph.
1360 2947 1453 2996 Byz.
1476 2967 1521 2974 -
1544 2950 1579 2992 3)
1603 2946 1695 2983 Cum
1717 2945 1796 2982 suis
1817 2945 2008 2994 (Gaqnat).
