2170 3458
350 289 462 326 XXII
987 292 1168 328 Addenda.
1215 290 1335 336 Caput
1358 291 1403 326 ΙΙ.

458 402 636 440 Callatide
647 403 868 450 (Manqalia)
884 404 926 440 in
936 403 1078 440 Moesia
1092 403 1267 449 inferiore
1281 413 1355 447 rep.
1373 402 1466 444 (III
1475 402 1513 439 S.
1532 403 1631 438 7586
1645 401 1738 438 vidit
1747 401 2044 446 Domaszewslci).

349 478 394 483 —
412 461 443 500 1)
459 458 599 495 Nomen
610 459 840 505 imperatoris
852 471 995 496 erasum
1007 462 1097 496 recte
1107 458 1287 505 supplevit
1290 458 1441 504 primus
1453 458 1569 494 editor
1584 458 1771 494 Tocilescu.
1782 478 1830 484 —
1845 461 1879 502 2)
1894 458 1942 494 A.
1953 459 2044 495 272.

350 532 395 539 ——
419 517 453 558 3)
476 514 603 551 Etiam
626 527 756 552 nomen
771 516 957 561 praesidis
973 516 1184 561 provinciae
1207 526 1363 551 erasum.
1457 523 1460 526 ·

463 616 577 662 8926
625 618 816 663 Victoriis
967 617 1203 676 Aquustis]
1231 618 1236 673 Ι
1262 617 1363 674 imp.
1395 618 1512 662 Caes.
1543 618 1600 660 M.
1633 615 1786 662 Claudi
1814 615 1952 662 Taciti
1983 610 2054 673 pii*

349 684 484 729 felicis
513 686 624 741 Aug.
655 691 765 741 pont.
795 701 894 730 max
911 720 1061 731 ......
1095 686 1100 742 Ι
1136 687 1185 738 Q.
1217 684 1436 730 Numisius
1465 686 1634 729 Primus
1663 683 1841 738 aedilic.,
1877 682 2046 728 dumvi-

350 750 492 810 rali[c.]
513 786 690 797 .......
724 752 886 809 [quam]
914 754 918 810 Ι
953 768 1004 797 ex
1025 753 1101 798 HS
1120 754 1226 797 XVI
1254 752 1339 798 mil.
1370 767 1410 796 n.
1440 753 1581 797 facere
1610 753 1875 808 promiserat,
1904 750 2044 795 multi-

355 818 539 876 [plicata
563 821 754 875 pecunia
784 819 893 877 cum]
925 819 1130 865 Numisiis
1151 822 1414 866 Praetextato
1440 825 1480 864 et
1500 819 1642 864 Primo
1671 818 1759 864 filis
1787 824 1829 864 et
1846 818 2013 865 Nonia.
2033 852 2043 862 .

358 885 555 944 [coniuge
579 886 772 945 perfecit]
800 890 805 940 Ι
832 893 871 931 et
900 887 1128 933 certamina
1155 887 1348 945 pugilum
1378 887 1519 932 edidit.
1589 888 1728 939 Quam
1756 891 1797 931 et
1825 919 1836 930 .
1859 920 1869 930 .

463 953 703 989 Membressae
726 954 884 999 (Medjez
896 955 927 990 el
938 954 1039 1001 Bab)
1056 967 1140 1000 rep„
1165 956 1243 991 iam
1263 955 1396 991 Tunete
1419 954 1550 1000 (VIII
1565 954 1749 990 S.25836
1770 952 1865 989 vidit
1876 951 2045 999 Merlin).

461 1055 572 1100 8927
621 1056 848 1101 fortissimo
877 1072 929 1102 ac
954 1059 960 1112 Ι
986 1058 1176 1112 piissimo
1206 1060 1246 1102 d.
1278 1073 1318 1102 n.
1351 1060 1488 1102 Probo
1515 1060 1521 1112 Ι
1547 1059 1672 1113 Aug„
1713 1062 1815 1112 quot
1836 1066 1924 1114 (cic)
1953 1070 2044 1102 sae-

350 1126 445 1169 culo
472 1127 477 1178 Ι
504 1124 594 1168 eius
622 1122 843 1168 universus
872 1125 999 1182 orlbis
1027 1126 1188 1180 floreat,
1220 1127 1297 1171 col.
1328 1124 1524 1181 Thuglga
1552 1123 1715 1168 numini
1745 1124 1838 1169 eius
1866 1123 2046 1181 dicatis!-

350 1191 469 1244 sima,
499 1195 667 1235 curante
697 1192 774 1235 Iul.
805 1192 951 1237 Italico
977 1194 983 1248 Ι
1011 1208 1045 1237 c.
1077 1196 1153 1248 κη’,
1184 1193 1456 1238 devotissima
1486 1191 1694 1236 maiestati
1719 1192 1726 1247 Ι
1752 1191 1854 1237 eius.

465 1258 631 1304 Thuyyae
653 1258 694 1293 in
718 1258 855 1294 theatro
877 1271 951 1304 rep.
977 1259 1108 1304 (VIII
1127 1261 1165 1296 S.
1182 1261 1315 1295 26560
1337 1259 1432 1296 vidit
1454 1259 1500 1295 L.
1516 1258 1715 1304 Poinssot).
1738 1278 1786 1285 —
1814 1257 1850 1306 1)
1874 1259 2047 1296 Eiusdem

347 1314 508 1350 nominis
530 1315 597 1357 vir,
620 1315 776 1359 fortasse
798 1315 906 1361 idem,
930 1326 1044 1361 supra
1068 1315 1115 1352 N.
1131 1317 1237 1352 4145.

463 1404 576 1449 8928
624 1407 723 1462 imp.
756 1406 800 1451 G.
823 1408 879 1451 M.
907 1409 912 1462 Ι
940 1408 1041 1451 Aur.
1069 1408 1223 1452 Maus.¹
1255 1411 1261 1460 Ι
1300 1405 1522 1452 Garausio²
1554 1421 1594 1462 p.
1625 1406 1655 1449 f.
1683 1405 1690 1463 Ι
1726 1405 1883 1452 invicto
1913 1407 2043 1463 Aug.⁸

350 1484 421 1530 (In
435 1486 546 1529 parte
569 1484 752 1529 opposita)
781 1475 816 1516 F
817 1475 842 1517 l.
863 1474 954 1517 Val.
983 1476 989 1527 Ι
1016 1474 1305 1531 Consltantlio⁴
1337 1477 1431 1518 nob.
1460 1477 1466 1528 Ι
1494 1474 1611 1518 Caes.

462 1540 581 1585 Prope
599 1540 750 1576 Carlisle
764 1551 848 1585 rep„
867 1541 1034 1576 columna
1051 1541 1282 1586 (Haverfi'eld
1294 1542 1478 1588 Academy
1489 1542 1548 1577 12.
1562 1541 1652 1577 Jan.
1664 1542 1767 1577 1895
1773 1552 1816 1586 p.
1826 1541 1891 1585 41,·
1911 1539 2052 1577 Mowat

350 1596 436 1632 bull.
454 1597 515 1632 des
530 1595 753 1641 antiquaires
769 1596 812 1632 de
826 1596 968 1632 France
989 1598 1092 1632 1895
1111 1607 1147 1643 Ρ.
1164 1599 1261 1642 146).
1285 1618 1330 1623 -
1360 1600 1392 1641 1)
1416 1596 1558 1633 Nomen
1580 1597 1644 1633 hoc
1669 1595 1841 1633 Oarausii
1855 1598 2050 1642 praeterea

349 1652 534 1699 iynotum;
567 1653 630 1688 sed
653 1654 762 1689 etiam
788 1653 831 1688 in
853 1653 1014 1689 nummis
1038 1653 1271 1698 quibusdam,
1303 1665 1391 1698 quos
1405 1654 1567 1698 protulit
1588 1653 1728 1690 Mowat
1750 1654 1772 1689 l.
1789 1664 1817 1689 c.
1841 1652 1907 1698 (cf.
1937 1651 2048 1689 Webb

350 1719 450 1744 num.
467 1708 641 1745 chronicle
655 1711 759 1745 1907
770 1720 806 1755 Ρ.
819 1711 898 1755 38),
918 1711 970 1745 est
983 1708 1038 1744 M.
1050 1709 1141 1745 Aur.
1158 1709 1213 1745 M.
1228 1711 1439 1746 Oarausius.
1458 1731 1499 1736 —
1523 1714 1557 1753 2)
1573 1711 1618 1747 A.
1634 1711 1849 1747 287-293.
1866 1729 1908 1735 -
1925 1712 1960 1753 3)
1974 1709 2050 1745 Hic

350 1764 522 1809 reliquas
545 1765 701 1801 duorum
722 1777 893 1802 versuum
917 1767 938 1808 (.
955 1791 965 1800 .
982 1793 990 1800 .
1009 1793 1016 1800 .
1035 1776 1054 1800 o
1075 1766 1080 1809 Ι
1102 1793 1110 1802 .
1129 1794 1137 1802 .
1155 1794 1163 1802 .
1180 1770 1232 1807 as)
1258 1766 1430 1812 adiungit
1450 1766 1607 1811 Mowat,
1641 1766 1794 1803 nomina
1817 1765 1975 1802 locorum
1995 1764 2050 1801 ibi

350 1831 544 1865 quaerens;
567 1821 741 1866 reliquias
762 1822 848 1857 illas
870 1822 992 1857 nullas
1014 1832 1087 1857 esse
1111 1822 1224 1867 (nihil
1246 1823 1309 1858 illo
1335 1823 1408 1858 loco
1433 1822 1551 1868 cerni)
1575 1822 1753 1867 adfirmat
1765 1821 1989 1867 Haverfield.
2003 1840 2052 1848 —

351 1880 386 1919 4)
410 1877 694 1923 Consltanth’ssno
710 1877 854 1914 Mowat
875 1879 936 1923 (ut
948 1877 1006 1913 hic
1022 1877 1149 1913 titulus
1163 1878 1215 1914 sit
1236 1878 1327 1913 anni
1345 1889 1383 1924 p.
1400 1878 1482 1914 Chr.
1499 1879 1592 1919 305!
1598 1879 1638 1924 6)
1646 1888 1660 1923 ;
1683 1880 1810 1914 utrum
1825 1876 2050 1924 Constantlio

351 1933 467 1977 fuerit
489 1944 539 1967 an
562 1933 849 1979 ConstantMiJno,
874 1933 1023 1978 definire
1045 1945 1117 1970 non
1140 1945 1254 1970 ausus
1277 1936 1331 1969 est
1349 1934 1572 1979 Haverfi'eld.

463 2034 576 2080 8929
623 2036 723 2092 imp.
755 2037 874 2081 Caes.
906 2037 1277 2090 O.Aure1.1Va1.
1309 2037 1572 2082 Diocletiano
1607 2037 1613 2094 Ι
1647 2052 1689 2094 p.
1717 2038 1749 2081 f.
1780 2037 1907 2082 invic.
1937 2038 2048 2093 Aug.

353 2102 472 2159 pon[t
473 2101 497 2160 .]
527 2106 532 2156 Ι
559 2118 683 2160 max„
704 2103 952 2148 Germanico
979 2107 985 2157 Ι
1012 2119 1136 2157 max„
1156 2104 1247 2148 trib.
1265 2107 1429 2160 potes.¹,
1455 2107 1461 2158 Ι
1488 2120 1528 2161 p.
1545 2119 1599 2160 p.,
1619 2119 1796 2161 procos,
1820 2104 1824 2161 Ι
1848 2103 2050 2149 Afranius

355 2169 746 2225 Hannilbalianuff,
786 2172 866 2214 Iul.
897 2138 1262 2227 Aslclepiodotus³
1293 2171 1365 2228 v[v
1368 2171 1393 2228 .]
1419 2138 1429 2225 Ι
1455 2186 1602 2216 eemm.
1634 2172 1803 2230 prae[ff.
1827 2173 2004 2228 praet.]‚
2038 2171 2047 2229 Ι

353 2236 395 2279 d.
427 2251 467 2279 n.
501 2236 569 2293 [m.
600 2252 637 2292 q.
670 2237 734 2295 e.].

462 2302 562 2339 Oesci
577 2315 651 2350 rep.
668 2305 901 2350 (descriptam
917 2316 941 2340 a
958 2304 1106 2349 Skorpil
1122 2304 1222 2340 dedit
1234 2305 1456 2349 Bormann).
1470 2325 1515 2331 —
1533 2309 1563 2349 1)
1580 2306 1627 2342 A.
1639 2306 1744 2341 284?
1755 2307 1819 2352 (cf.
1831 2308 1905 2342 not.
1919 2307 1944 2341 3
1953 2305 2051 2351 fin).

354 2379 398 2385 -—-
422 2359 459 2403 2)
481 2358 692 2404 Praefectus
714 2361 798 2396 urbi
820 2373 854 2397 a.
871 2362 952 2396 297
972 2360 1186 2406 (chromoyr.
1203 2372 1237 2396 a.
1255 2361 1342 2405 354,
1367 2359 1536 2397 Momms.
1553 2362 1673 2398 chron.
1689 2362 1779 2398 min.
1793 2361 1824 2398 I
1833 2373 1869 2408 Ρ.
1886 2363 1962 2408 66),
1986 2373 2052 2398 nee

354 2414 517 2450 diversus
539 2416 812 2452 Annibalianus
835 2417 958 2452 consul
982 2417 1058 2452 ord.
1083 2428 1116 2452 a.
1134 2417 1215 2452 292
1239 2428 1320 2452 cum
1343 2417 1593 2462 Asclepiodoto
1616 2418 1682 2463 (cf.
1705 2420 1779 2454 not.
1796 2419 1848 2464 3),
1874 2429 2050 2456 memora-

355 2473 413 2506 tus
437 2471 532 2515 (una
554 2482 634 2507 cum
657 2473 795 2518 eodem)
819 2473 881 2508 vit.
904 2473 1013 2511 Prob.
1037 2475 1099 2517 22,
1119 2474 1143 2508 3
1170 2473 1266 2508 inter
1288 2473 1392 2508 duces
1416 2484 1460 2508 ex
1484 2473 1681 2536 disciplina
1703 2474 1827 2511 Pr0bi.
1875 2474 2051 2512 Fortasse

354 2527 400 2562 ab
425 2538 463 2562 eo
487 2538 618 2563 nomen
649 2531 839 2564 traxerunt
861 2528 1175 2573 Hannibalianus‚
1205 2528 1306 2573 filius
1334 2531 1427 2564 natu
1453 2528 1629 2566 minimus
1654 2530 1859 2567 Constantii
1884 2531 2052 2569 Caesarie

348 2584 490 2629 (chron.
512 2583 639 2621 Pasch.
663 2595 698 2631 Ρ.
717 2586 786 2620 516
809 2584 862 2620 ed.
879 2584 1020 2630 Bonn.)
1044 2586 1080 2620 et
1099 2584 1256 2620 Flavius
1278 2585 1582 2621 Hannibalianus
1605 2598 1671 2622 rea:
1692 2598 1818 2633 reyum
1839 2587 1965 2632 Ponti,
1996 2599 2050 2624 oc-

351 2640 448 2676 cisus
471 2651 505 2676 a.
523 2641 600 2676 337
620 2640 759 2686 (ipsum
781 2640 897 2686 fuisse
918 2651 1077 2676 socerum
1103 2640 1308 2676 Constantii
1334 2641 1502 2676 Caesaris
1530 2641 1680 2678 coniecit
1707 2643 1814 2679 Seeck
1835 2643 1879 2679 P.
1910 2643 1967 2680 W.
1989 2643 2057 2680 IV

354 2697 480 2741 1041).
526 2696 723 2742 Antiquior
745 2696 1047 2732 Hannibalianus
1077 2698 1297 2732 memoratus
1325 2697 1367 2732 in
1397 2698 1420 2732 t.
1447 2697 1644 2743 Tralliano,
1676 2699 1720 2734 de
1741 2709 1810 2744 quo
1833 2698 1906 2745 eyit
1927 2699 2051 2746 Groay

352 2754 497 2788 oesterr.
514 2752 681 2788 Jahresh.
698 2754 801 2788 1907
811 2763 848 2798 Ρ.
864 2755 947 2788 282
957 2764 1025 2797 seq.
1052 2772 1093 2778 -
1119 2755 1153 2796 3)
1178 2752 1452 2798 Asclepiodotus
1467 2753 1677 2798 praefectus
1692 2754 1882 2799 praetorio
1905 2756 1959 2800 (a.
1971 2757 2052 2792 296

352 2810 397 2845 ut
429 2808 590 2853 videtur)
626 2809 805 2844 Allectum
832 2809 1056 2844 Britanniae
1091 2811 1288 2855 tyrannum
1322 2810 1501 2854 oppressit
1530 2809 1643 2854 (Vict.
1670 2810 1769 2847 Caes.
1797 2812 1856 2856 39,
1891 2810 2050 2858 Eutrop.

357 2865 389 2908 9,
403 2866 468 2907 22,
491 2865 626 2900 Zonar.
650 2866 706 2909 12,
726 2865 801 2910 31).
846 2864 1031 2900 Incertum
1054 2876 1104 2900 an
1127 2865 1177 2900 ad
1200 2865 1351 2900 eundem
1375 2865 1483 2900 datae
1505 2865 1776 2902 constitutiones
1799 2878 1834 2902 a.
1857 2869 1949 2904 292.
1971 2869 2052 2904 293

355 2919 448 2965 (cod.
470 2918 566 2956 Iust.
587 2923 616 2965 5,
636 2922 699 2963 30,
715 2923 761 2966 2‚·
783 2922 836 2965 31,
858 2922 900 2965 9,·
928 2922 982 2966 70,
1003 2922 1038 2956 4.
1057 2923 1089 2966 8,
1108 2922 1162 2966 17,
1183 2922 1227 2966 9,·
1250 2921 1297 2966 cf.
1321 2920 1527 2957 Mommsen
1551 2922 1633 2958 Ges.
1650 2921 1751 2958 θοὴν.
1771 2924 1802 2967 6,
1820 2924 1903 2959 287
1913 2925 1986 2960 not.
1998 2925 2050 2969 1).

354 2975 460 3011 Idem
488 2977 610 3012 consul
637 2988 718 3012 cum
741 2977 1021 3013 Hannibaliano
1050 2989 1084 3013 a.
1107 2978 1196 3022 292,
1228 2977 1274 3022 cf.
1301 2979 1375 3013 not.
1398 2979 1436 3013 2.
1486 2977 1630 3014 Titulus
1657 2978 1715 3015 hic
1745 2978 1886 3015 videtur
1905 2979 2051 3025 positus

356 3034 440 3067 ante
463 3042 544 3067 eum
567 3043 716 3077 annum,
747 3044 792 3068 ew
813 3044 881 3077 quo
906 3033 962 3068 vir
984 3033 1208 3069 clarissimus
1230 3035 1376 3078 uterque
1401 3033 1517 3069 dictus
1540 3036 1602 3079 est,
1630 3035 1787 3081 fortasse
1801 3035 1949 3080 positus
1970 3035 2051 3081 ipso

356 3087 462 3123 initio
485 3087 631 3133 imperii
645 3088 868 3125 Diocletiani
890 3090 995 3134 (sane
1009 3100 1182 3125 numerus
1206 3090 1420 3126 tribuniciae
1435 3090 1630 3134 potestatis
1653 3091 1764 3127 etiam
1779 3093 1911 3136 postea
1932 3091 2051 3128 omitti

353 3142 500 3189 potuit).
