2170 3458
813 263 914 301 XIV.
939 263 1119 300 Carmine.
1749 264 1832 303 749

222 374 484 413 Philematium
509 387 588 413 sum
614 377 765 414 Aurelia
785 375 1006 414 nominitata
1028 379 1118 413 7472

67 426 194 487 Ἰ11111
213 430 352 469 iudicio
375 432 455 470 sine
478 433 599 470 iudiee
626 435 714 470 1896

95 487 212 538 'hui
233 489 330 534 quad
351 489 457 536 potui
480 500 623 538 semper
644 490 737 528 bene
759 501 900 537 pauper
921 490 1074 528 honeste
1102 493 1190 526 2257

70 540 190 605 'gfdd
213 545 310 590 quod
331 546 433 584 volui
457 556 601 592 semper
623 547 717 583 bene
738 557 880 592 pauper
901 547 1054 584 honeste
1078 549 1168 583 2028

67 615 94 653 χ
93 572 318 648 {finmdise
340 613 466 641 manes
489 604 652 640 tumulus
675 604 773 650 tegit
795 603 866 640 iste
890 603 1072 649 simulque
1100 607 1190 640 8254

92 666 188 698 ns
209 660 249 696 et
268 657 328 696 bis
351 669 458 696 senas
481 662 600 697 turres
624 661 836 697 crescebant
858 660 898 696 in
923 660 1049 698 ordine
1071 664 1168 698 totas
1194 664 1283 697 5340

72 717 200 757 vot·
219 715 444 753 Faventinus
465 716 523 754 bis
547 717 632 754 deni
655 717 810 763 suscipit
834 717 930 754 orbis
954 720 1044 753 4153

72 779 199 828 Quor
218 783 340 810 amore
362 775 427 810 tuo
451 774 568 809 8623ιι

75 966 77 969 ⁴
782 921 948 967 Senarii
977 921 1162 967 iambici.

97 1000 245 1052 'saepto
267 1000 460 1038 consulatu
484 1016 678 1032 -----
705 1007 851 1043 (nomen
872 1004 1032 1043 erasum)
1054 1003 1144 1037 4881

50 1065 65 1106 ,j
83 1066 85 1070 ⁴
100 1053 323 1095 umescens
346 1057 498 1095 tametsi
521 1068 692 1104 properas
715 1057 776 1094 hic
798 1061 836 1094 te
860 1058 1023 1094 saxsolus
1050 1062 1138 1094 7703

70 1127 74 1154 ῑ
107 1116 281 1152 Annaeus
303 1114 478 1152 Placidus
502 1115 653 1152 Herculi
674 1115 808 1151 donum
831 1115 915 1152 dedi
943 1118 1033 1152 3406

58 1190 68 1200 ψ’
107 1171 295 1210 Antistius
318 1171 495 1209 Gorsesus
517 1172 649 1208 retulit
670 1175 776 1219 pater
805 1175 893 1208 9061

110 1226 295 1265 Bacchum
317 1231 357 1264 et
380 1227 555 1273 Sylenum
578 1227 716 1264 sobrios
739 1228 842 1264 vides
866 1227 920 1264 sic
944 1238 1068 1265 cocum
1092 1229 1197 1266 decet
1226 1232 1316 1266 3376

52 1301 72 1335 χ’
110 1284 201 1323 bene
223 1285 348 1333 valest
369 1284 403 1322 is
427 1285 491 1331 qui
518 1285 628 1332 (hoe)
650 1284 804 1322 titulum
828 1286 988 1331 perlegit
1013 1297 1133 1323 meum
1164 1289 1254 1324 8436

136 1367 147 1379 .
163 1368 175 1379 .
190 1368 201 1379 .
225 1346 496 1380 eonsummatus
519 1342 684 1386 litter(is)
708 1347 878 1388 parentes
902 1343 1014 1386 suasi,
1038 1343 1270 1388 arteficfium)
1292 1344 1467 1380 discerem
1491 1346 1577 1379 7741

53 1438 56 1443 ,
109 1425 121 1436 .
137 1425 149 1436 .
171 1399 340 1446 cupidius
362 1402 514 1446 per-poto
536 1400 575 1436 in
598 1402 831 1436 monumento
854 1411 934 1436 meo
959 1402 1048 1436 8154

49 1464 68 1502 j
109 1459 233 1494 eustos
255 1455 414 1503 sepulcri
437 1466 530 1503 pene
551 1456 726 1493 destricto
750 1456 839 1493 deus
862 1459 953 1493 3584

108 1512 238 1550 dentes
260 1523 430 1559 aprorum
453 1523 544 1558 quos
567 1513 699 1549 cecidit
723 1513 904 1550 Maximus
929 1516 1019 1550 3259

41 1600 43 1604 ,
108 1569 176 1607 deo
199 1569 264 1617 qui
286 1570 365 1607 vias
387 1574 428 1607 et
450 1569 601 1607 semitas
625 1574 850 1607 commentus
874 1574 932 1607 est
954 1573 1045 1607 3929

60 1669 63 1675 ,
104 1626 234 1672 divum
256 1626 403 1673 sodalis,
427 1626 552 1664 oonsul
575 1631 615 1663 et
637 1637 748 1664 verno
771 1627 830 1663 die
858 1630 945 1663 1195

57 1691 59 1695 ’
108 1682 253 1721 domino
275 1683 433 1721 dilectus
456 1693 602 1730 quoquo
624 1684 697 1720 iret
719 1694 863 1730 semper
886 1695 1004 1722 eomes
1033 1687 1122 1721 5170

108 1739 198 1778 dum
219 1739 299 1778 vixi
321 1740 399 1777 vixi
422 1741 598 1787 quomodo
621 1741 792 1778 condecet
814 1742 1014 1787 ingenuum
1040 1745 1129 1778 8155

1 1802 3 1807 ·
54 1806 66 1811 ”
108 1806 221 1845 eques
243 1801 355 1835 natus
377 1797 563 1835 Romanus
586 1798 685 1835 inter
708 1798 796 1834 beta
819 1803 859 1835 et
882 1799 1042 1835 brassica
1068 1802 1156 1836 1319

50 1891 55 1903 ί
109 1854 274 1893 Fortuna
296 1855 452 1901 spondet
473 1855 591 1892 multa
614 1855 752 1899 multIs,
776 1859 943 1902 praestat
965 1856 1102 1892 nemini
1127 1859 1216 1892 7976

46 1914 58 1955 ξ
143 1938 154 1949 .
178 1938 189 1949 .
212 1911 400 1958 (h)ab(e)ss
422 1911 625 1958 propitium
649 1912 840 1949 Caesarem
870 1915 989 1949 5084a

56 1982 58 1985 ·
108 1968 287 2007 Heroules
309 1969 458 2012 invicte,
483 1973 609 2006 sancte
632 1969 773 2006 Silvani
795 1980 905 2015 nepos
930 1973 1023 2008 3469

48 2064 51 2074 ,Υ
109 2027 200 2064 heus
223 2025 328 2063 oeulo
351 2030 498 2064 errante
521 2026 607 2072 quei
630 2026 763 2073 aspicis
786 2027 854 2063 leti
877 2027 1005 2064 domus
1029 2031 1118 2064 5213

100 2083 200 2123 ,heus
221 2086 275 2129 tu,
300 2083 423 2120 viator
444 2083 548 2129 lasse,
574 2083 639 2129 qui
662 2094 720 2120 me
743 2084 943 2130 praeter-eis
970 2087 1058 2121 8122

54 2147 65 2189 ᾗ
109 2141 240 2188 hospes
263 2141 360 2187 quod
383 2140 484 2178 deico
507 2140 674 2188 paullum
697 2145 764 2188 est,
789 2148 872 2179 asta
895 2153 936 2178 ac
959 2142 1104 2188 pellege
1131 2144 1220 2178 8403

50 2239 51 2242 ¹
109 2199 240 2245 hospes
261 2198 393 2236 resiste
417 2202 457 2235 et
479 2197 552 2235 nisi
575 2198 770 2235 molestust
793 2199 942 2245 perlege
966 2202 1056 2235 7734

56 2270 62 2283 2
109 2255 240 2303 hospes
261 2255 392 2300 resiste
415 2259 455 2292 et
477 2255 545 2293 hoc
567 2255 614 2292 ad
637 2266 809 2302 grumum
834 2256 879 2292 ad
902 2257 1044 2293 laevam
1068 2257 1187 2302 aspice
1210 2258 1299 2291 7602

0 2350 2 2356 ,
108 2312 167 2350 its
189 2312 404 2350 candidatus
427 2312 496 2349 fiat
518 2313 717 2350 honoratus
741 2318 826 2349 tuus
851 2315 940 2349 8206

59 2374 62 2377 ’
109 2372 166 2408 it·
187 2370 313 2408 valeas
335 2369 502 2417 scriptor,
525 2370 592 2406 hoc
615 2370 876 2406 monimentum
900 2370 1060 2416 praeteri
1090 2372 1208 2406 82072

109 2426 204 2465 lueri
226 2430 390 2474 repertor
412 2429 525 2472 atque
547 2426 724 2463 sermonis
747 2427 853 2463 detor
880 2430 970 2463 3200

109 2493 156 2522 ne
178 2494 278 2521 more
298 2483 440 2531 pecoris
462 2484 538 2520 otio
561 2483 842 2530 transfungerer
863 2487 953 2521 2953

52 2551 55 2591 j
110 2550 158 2578 ne
180 2541 329 2588 tangito
352 2551 373 2578 o
397 2541 560 2578 mortalis
584 2543 674 2577 8173

57 2595 59 2619 ³
86 2607 87 2612 ¹
110 2598 233 2636 oeulos
255 2597 421 2645 reposuit
444 2596 581 2634 statuis
605 2597 726 2642 quaad
742 2598 823 2643 (⁸222)
847 2597 944 2634 vixit
968 2598 1057 2635 bene
1081 2601 1170 2635 7713

52 2675 55 2707 3
110 2659 217 2702 peter
239 2655 331 2693 mihi
353 2655 445 2692 fecit
468 2653 564 2700 quod
587 2663 658 2700 ego
681 2655 781 2701 patri
803 2654 913 2691 debui
942 2657 1031 2691 7261

9 2707 12 2711 ’
58 2711 59 2722 ²
112 2713 178 2761 qui
200 2723 284 2750 eum
305 2713 393 2750 dum
415 2711 567 2748 haberet
590 2710 750 2748 clausam
774 2712 813 2747 in
836 2711 987 2748 castello
1010 2712 1208 2749 animulam
1238 2715 1328 2749 7763

14 2800 15 2803 ,
57 2762 59 2766 ’
112 2769 207 2816 quod
229 2780 297 2817 par
318 2769 464 2817 parenti
487 2768 563 2805 fuit
586 2769 705 2805 facere
729 2768 843 2806 filiam
870 2771 960 2805 6535

51 2819 68 2867 .‘
109 2829 221 2874 rogat
243 2830 291 2864 ut*
309 2826 471 2870 resistas,
493 2826 636 2873 hospes,
663 2829 728 2870 t[e]
753 2826 814 2863 hie
837 2826 975 2862 tacitus
999 2826 1093 2872 lapis
1125 2829 1211 2863 1932

62 2879 78 2913 f
109 2884 244 2923 Rufino
265 2884 448 2931 haruspex
471 2883 510 2919 di
533 2888 572 2920 te
597 2886 745 2920 servent
767 2893 850 2919 cum
874 2882 951 2920 tuis
981 2886 1100 2920 ’talla

60 2938 61 2942 ’
110 2941 268 2980 Sabinus
289 2940 513 2988 dissignator
530 2952 611 2978 cum
636 2941 770 2987 plausu
794 2940 884 2976 facit
916 2940 1032 2977 6438<ι

111 2997 268 3037 Sabinus
289 3001 436 3045 praetor
459 3009 594 3045 magna
617 3008 675 3035 res
699 2997 840 3034 Formis
863 2997 960 3043 perit
987 3000 1073 3034 1078

66 3090 77 3106 3
110 3054 258 3093 Silvano
280 3065 386 3092 saera
407 3056 598 3092 semicluse
621 3054 765 3092 fraxino
788 3056 879 3090 3528

110 3111 231 3150 moins
253 3112 423 3158 parentfi]
446 3112 594 3158 gemino
617 3111 752 3148 tumuli
776 3111 920 3148 foedere
943 3114 1060 3147 7773⁸

20 3203 22 3207 ,
108 3168 279 3216 splendor
301 3172 495 3215 pareutum
517 3170 571 3206 nil
594 3168 686 3206 mihi
709 3169 825 3205 maius
849 3167 952 3205 dedit
978 3170 1066 3204 1259
1083 3170 1172 3214 terq.
