2170 3458
355 229 543 266 CXXXIV
957 230 1139 267 Addenda.
1188 230 1306 276 Caput
1329 230 1452 266 ΧΠΙΙ.

353 341 559 399 amlplius
600 343 779 399 pecunia
816 344 987 400 publica
1024 349 1212 399 erogata,
1253 345 1396 387 basem
1436 357 1533 387 cum
1569 342 1680 401 orna!
1690 345 1838 391 mentis
1874 360 1955 392 sua
1981 361 2056 406 pe-

356 410 484 455 cunia
512 409 611 454 fecit
641 416 680 454 et
709 412 833 467 epulo
863 410 1116 455 decurionib.
1145 410 1150 457 Ι
1183 410 1279 454 dato
1310 409 1531 454 dedicavit.

469 477 558 513 Uchi
579 477 727 522 maiore,
749 479 795 524 cf.
819 478 866 514 N.
887 478 999 522 9398,
1022 487 1096 521 rep.
1122 475 1249 518 (VIII
1268 475 1306 512 S.
1322 477 1454 512 26255
1468 495 1511 507 =
1526 470 1725 514 Merlin'et
1743 478 1790 515 L.
1806 479 1977 518 Pomm
1996 481 2054 518 in·

355 534 548 579 scriptione
572 534 608 569 d'
618 533 705 569 Uchi
727 534 848 578 majus
863 546 905 579 p.
930 534 982 568 38
1004 543 1041 568 n.
1057 533 1130 576 22).
1167 553 1211 558 —
1253 535 1285 575 1)
1310 532 1366 578 Cf.
1390 532 1437 568 N.
1461 534 1542 569 417.
1567 535 1653 571 425.
1688 555 1734 561 —-
1772 538 1807 579 2)
1834 537 1880 573 A.
1902 538 1986 574 197.
2007 558 2055 565 -

352 593 391 634 3)
414 589 632 635 Respublica
659 589 916 625 Uchitanorum
940 588 1123 624 maiorum
1145 588 1300 633 pecunia
1315 588 1467 632 publica
1482 590 1620 635 posuit.
1654 611 1696 618 —
1730 593 1768 637 4)
1793 593 1968 631 Sacerdos
1993 594 2054 632 Ce-

355 657 478 681 rerum
501 645 659 681 coloniae
682 645 803 680 Iuliae
825 644 1077 690 Karthaginis.
1117 643 1174 688 Cf.
1197 654 1311 688 supra
1333 643 1381 679 N.
1399 645 1509 680 4464.
1531 648 1638 683 6814.
1662 668 1707 674 —-
1731 651 1764 692 5)
1793 649 1985 697 Colligitur
2004 662 2055 688 ex

355 702 420 738 hoc
444 701 549 738 titulo
565 701 690 747 posito
713 712 810 736 anno
826 713 869 746 p.
897 700 978 737 Chr.
1003 701 1078 736 197
1098 700 1156 744 (=
1172 699 1251 736 urb.
1274 700 1374 736 cond.
1399 700 1502 738 Varr.
1521 705 1624 750 950),
1650 705 1891 742 sacerdotium
1915 706 2054 744 Cereris

357 757 654 804 Carthaginiense
676 768 749 793 non
776 759 860 802 post
886 768 1027 792 annum
1055 757 1121 791 716
1144 767 1180 791 u.
1205 766 1232 790 c.
1255 756 1467 792 institutum
1490 770 1578 805 esse,
1610 762 1728 805 potest
1748 771 1822 798 esse
1843 761 2054 800 institutum

351 826 428 850 uno
452 825 496 850 ex
518 814 626 849 annis
642 813 949 858 praecedentibus,
975 812 1130 857 fortasse
1156 823 1188 847 a.
1217 813 1297 847 710.
1321 833 1364 838 -
1389 816 1422 856 6)
1449 814 1573 860 Supra
1596 816 1781 862 scriptam.

467 926 581 970 9402
638 926 739 982 imp.
773 926 891 970 Caes.
930 928 936 980 Ι
977 927 1034 969 Μ.
1066 925 1239 983 Aurelio
1268 926 1481 971 Antonino
1512 930 1636 985 Aug,
1676 928 1683 986 Ι
1722 929 1821 986 imp.
1853 931 1974 976 Caes.
2004 932 2052 976 L.

354 993 530 1050 Septimi
570 993 716 1038 Severi
758 992 825 1036 Pii
863 994 870 1049 Ι
910 993 1141 1037 Pertinacis
1175 995 1288 1049 Aug.
1328 994 1495 1038 Arabici
1536 996 1542 1050 Ι
1583 996 1831 1042 Adiabenici
1869 997 2054 1044 Parthici

355 1061 551 1119 malximi
579 1061 655 1117 fil.,
685 1060 772 1105 divi
802 1062 855 1104 M.
874 1059 1078 1104 Antonini
1102 1059 1108 1118 Ι
1136 1060 1199 1104 Pii
1222 1060 1463 1106 Germanici
1484 1062 1620 1107 Sarm.
1652 1077 1756 1120 nep„
1782 1064 1788 1121 Ι
1815 1064 1904 1110 divi
1922 1067 2054 1112 Anto-

354 1129 444 1173 nini
473 1129 542 1172 Pii
571 1143 755 1185 pronep.,
792 1127 797 1184 Ι
838 1127 926 1171 divi
956 1127 1164 1172 Hadriani
1193 1130 1357 1185 abnep.‚
1387 1129 1393 1183 Ι
1435 1128 1523 1173 divi
1553 1130 1725 1174 Traiani
1754 1132 1939 1178 Parthici
1968 1139 2009 1179 et
2042 1134 2051 1192 Ι

352 1195 442 1241 divi
470 1197 639 1241 Nervae
668 1197 890 1252 adnepot.¹,
916 1195 922 1252 Ι
949 1195 1120 1240 civitas²
1152 1196 1339 1241 Furnos³
1372 1197 1411 1239 d.
1444 1197 1483 1240 d.
1515 1212 1555 1253 p.
1587 1212 1625 1254 p.
1651 1199 1658 1254 Ι
1683 1198 1763 1244 fec.

463 1297 578 1342 9403
636 1299 684 1341 L.
724 1297 900 1342 Octavio
939 1297 1072 1342 Felici
1111 1296 1362 1355 Octalviano
1402 1298 1618 1343 decurioni
1658 1299 1664 1357 Ι
1705 1301 1782 1345 col.
1824 1301 1905 1345 Iul.
1945 1303 2050 1347 Aur.

352 1368 448 1412 Ant.
480 1366 657 1422 Karth.⁴,
682 1365 687 1422 Ι
713 1364 879 1409 flamini
908 1364 993 1409 divi
1022 1365 1104 1421 Pii,
1141 1363 1358 1422 magisltro
1389 1379 1602 1410 sacrorum
1633 1366 1892 1412 Cerealium*
1914 1364 2053 1427 sanni

353 1435 607 1480 GCLXXVI
622 1435 650 1490 ⁶,
681 1431 929 1489 professori⁷
955 1432 961 1490 Ι
987 1432 1221 1489 aedilitatis,
1250 1437 1425 1488 patrono
1452 1439 1491 1476 et
1517 1432 1522 1488 Ι
1549 1433 1732 1479 curatori
1750 1435 1899 1480 iterum
1919 1437 2054 1481 muni·

353 1501 477 1559 cilpii
509 1500 654 1545 Aureli
682 1500 956 1545 Antoniniani
988 1499 1081 1558 Fur}
1089 1501 1160 1544 nit.
1192 1499 1353 1555 minor.,
1387 1502 1392 1553 Ι
1430 1502 1484 1544 ob
1513 1500 1722 1556 insignem
1747 1505 1754 1558 Ι
1779 1502 1982 1549 iustitiam
2011 1510 2052 1550 et

353 1568 687 1614 benevolentiam
715 1568 720 1623 Ι
747 1567 848 1622 eius,
877 1568 1099 1612 universus
1129 1568 1311 1624 populus
1337 1569 1343 1620 Ι
1370 1581 1421 1611 ex
1441 1581 1537 1612 aere
1557 1569 1722 1613 conlato
1743 1575 1925 1616 statuam
1949 1574 1956 1626 Ι
1981 1586 2054 1628 po-

352 1638 456 1691 suit3
491 1639 543 1681 ob
574 1637 696 1681 cuius
726 1636 1048 1693 dedicatiolnem
1076 1636 1167 1692 ipse
1196 1635 1321 1679 ludos
1349 1636 1565 1680 scaenicos
1591 1635 1597 1691 Ι
1624 1640 1664 1680 et
1692 1638 1866 1693 epulum
1896 1641 2055 1696 populo

353 1706 469 1749 dedit
493 1706 498 1759 Ι
526 1710 566 1748 et
594 1704 878 1762 gymnasium.
905 1703 912 1761 Ι
939 1705 986 1747 L.
1015 1704 1055 1748 d.
1085 1705 1124 1747 d.
1155 1703 1194 1746 d.

361 1804 364 1808 ,
465 1771 628 1807 Henchir
650 1771 838 1816 Msaadin,
870 1770 936 1807 ubi
958 1770 1036 1816 fuit
1054 1770 1180 1807 civitas
1205 1769 1350 1806 Furnos
1374 1769 1435 1814 (cf.
1460 1771 1533 1805 not.
1550 1771 1593 1815 3)
1618 1770 1672 1806 vel
1696 1769 1937 1818 municipium
1959 1773 2056 1810 Fur-

349 1830 522 1866 nitanum
545 1829 677 1874 minus,
701 1840 776 1874 rep.
793 1839 827 1864 a.
844 1828 945 1863 1909
970 1826 1101 1872 (VIII
1113 1826 1151 1862 S.
1167 1826 1351 1862 25808⁸b
1377 1844 1420 1854 =
1444 1825 1584 1862 Merlin
1608 1826 1692 1863 bull.
1718 1827 1770 1864 du
1794 1828 1936 1865 Comite‘
1953 1831 2055 1867 1909

352 1887 438 1923 Iun.
439 1886 469 1930 ).
495 1906 535 1910 —
564 1888 594 1928 1)
619 1886 664 1920 A.
683 1886 883 1920 198—211.
903 1904 943 1910 —
970 1886 1005 1926 2)
1029 1884 1197 1928 Apparet
1217 1881 1412 1927 municipii
1434 1882 1493 1917 ius
1517 1882 1676 1927 defuisse
1698 1882 1885 1920 etiamtum
1905 1885 2057 1924 civitati.

353 1964 398 1968 —
427 1945 461 1983 3)
487 1941 666 1977 Similiter
697 1940 900 1977 desinentia
927 1939 1079 1976 nomina
1108 1939 1327 1984 oppidorum
1357 1938 1619 1984 Africanorum
1650 1938 1820 1976 habemus
1850 1942 2038 1988 complura
2044 1952 2060 1990 ‚⁸

352 1997 624 2045 [mu]nicipium
641 1997 784 2033 Sululos
808 1997 985 2042 scriptum
1008 1999 1061 2032 est
1087 1995 1189 2032 VIII
1201 1996 1238 2032 S.
1252 1996 1405 2040 23942;
1426 1994 1649 2041 Althiburos,
1679 1995 1862 2034 Thusuros
1882 1998 2056 2044 scriptum

351 2056 430 2101 fuit
450 2054 491 2090 in
513 2054 725 2090 itinerariis.
765 2053 963 2088 Diversum
986 2052 1031 2088 ab
1055 2052 1118 2088 hoc
1140 2051 1381 2096 municipium
1404 2050 1657 2087 Furnitanum
1679 2062 1794 2097 supra
1816 2053 1865 2091 N.
1885 2055 1996 2091 6812.
2009 2075 2056 2082 -

280 2125 291 2134 ·
350 2115 388 2156 4)
415 2111 471 2156 Cf.
495 2111 541 2147 N.
562 2111 667 2145 6815.
702 2130 742 2135 -
779 2112 812 2153 5)
835 2109 1091 2155 Magisterium
1113 2109 1177 2144 hoc
1199 2119 1273 2144 non
1296 2108 1440 2143 videtur
1463 2107 1646 2143 diversum
1668 2107 1784 2153 fuisse
1810 2122 1834 2145 a
1856 2111 2055 2148 sacerdotio

356 2168 525 2205 Oererum
552 2165 851 2211 Carthaginiensi.
874 2186 920 2191 —
955 2169 989 2208 6)
1012 2166 1058 2200 A.
1080 2177 1117 2210 p.
1146 2164 1227 2200 Chr.
1251 2165 1354 2199 232?
1377 2164 1450 2209 (vel
1472 2174 1545 2200 uno
1569 2175 1613 2200 ex
1635 2164 1745 2200 amnis
1768 2166 1984 2214 232-238,
2007 2167 2055 2212 cf.

351 2224 401 2260 N.
429 2225 525 2259 9401
548 2225 621 2258 not.
641 2223 691 2266 5).
722 2242 767 2246 ——
799 2225 832 2264 7)
857 2222 1091 2257 Aedilitatem
1113 2233 1150 2257 se
1166 2221 1370 2266 petiturum
1387 2220 1581 2265 professus
1604 2222 1691 2257 erat.

466 2337 581 2382 9404
640 2337 736 2381 Sex.
767 2336 985 2381 Pullaieno
1016 2336 1111 2380 Sex.
1142 2336 1174 2379 f.
1202 2336 1207 2390 Ι
1234 2337 1334 2380 Arn.
1365 2336 1490 2379 Floro
1521 2334 1781 2379 Caeciliano*
1810 2337 1815 2390 Ι
1841 2336 2053 2392 praefecto

355 2407 433 2451 iur.
455 2404 608 2459 dicun,
634 2403 641 2460 Ι
667 2418 751 2447 sac.
774 2403 884 2448 Oer.²
914 2403 1014 2447 anni
1036 2404 1228 2460 CLXX³‚
1254 2404 1260 2458 Ι
1286 2405 1333 2446 II
1343 2402 1445 2457 viro,
1474 2403 1590 2446 flam.
1621 2417 1736 2459 perp.
1769 2417 1803 2447 c.
1825 2417 1860 2447 c.
1883 2405 1919 2446 Ι.
1942 2405 2051 2462 K.⁴,l

357 2487 496 2530 pagus
527 2477 566 2516 et
596 2471 742 2515 civitas
773 2471 927 2526 Thug.⁵
966 2470 973 2526 Ι
1014 2477 1189 2525 patrono
1221 2472 1260 2515 d.
1293 2471 1333 2514 d.
1362 2485 1403 2527 p.
1434 2485 1488 2526 p.,
1527 2469 1804 2527 curatorilbus
1834 2470 1881 2513 L.
1914 2470 2053 2516 Gallio

357 2542 521 2597 Optato,
552 2537 771 2595 Sallusltio
802 2539 926 2582 Dato.

471 2606 636 2651 Ihuggae
660 2604 790 2650 (VIII
811 2604 847 2640 S.
864 2606 991 2640 26615
1012 2622 1056 2632 =
1079 2604 1125 2640 L.
1140 2605 1312 2641 Poinssot
1332 2604 1566 2650 inscriptions
1589 2604 1632 2640 de
1659 2597 1986 2650 Ihuggdn.140).
2008 2625 2054 2631 —

358 2667 389 2708 1)
413 2662 518 2698 Idem
541 2663 764 2698 memoratur
786 2662 827 2697 in
849 2661 934 2697 aliis
955 2661 1254 2706 inscriptionibus
1277 2661 1354 2696 eius
1378 2661 1533 2707 regionis
1564 2660 1669 2696 VIII
1688 2662 1727 2698 S.
1750 2661 1890 2697 26267.
1914 2662 2052 2697 26419.

357 2722 391 2763 2)
418 2719 475 2764 Cf.
491 2718 537 2755 N.
558 2719 663 2754 9401.
682 2738 722 2743 —-
748 2721 782 2758 3)
807 2718 852 2752 A.
863 2729 905 2762 p.
926 2717 1005 2752 Chr.
1023 2719 1098 2752 126
1114 2719 1378 2763 (126—1322).
1395 2738 1440 2743 —
1462 2719 1499 2763 4)
1527 2717 1743 2753 Colonorum
1759 2717 1918 2753 coloniae
1932 2717 2054 2753 Iuliae

356 2774 609 2821 Karthaginis.
633 2794 678 2800 —
703 2778 735 2817 5)
762 2773 817 2818 Cf.
841 2785 956 2818 supra
978 2773 1026 2809 N.
1042 2775 1132 2808 9399
1155 2777 1227 2810 not.
1244 2777 1281 2809 2.

467 2887 582 2933 9405
640 2889 691 2931 L.
723 2887 915 2932 Cornelio
955 2887 1103 2939 Quieto
1146 2887 1151 2944 Ι
1194 2888 1232 2931 h.
1265 2903 1333 2931 m.»
1351 2891 1419 2943 v.¹‚
1462 2887 1537 2943 qui
1575 2886 1831 2942 testamenlto
1876 2900 1954 2931 suo
1991 2885 2053 2930 rei

356 2956 551 3014 publicae
580 2954 792 3012 cololniae
820 2954 1063 2999 Marianae²
1093 2957 1204 3010 Aug.
1235 2954 1594 3012 Alelxandrianae
1625 2953 1868 3003 Uchitanor.
1896 2954 1901 3011 Ι
1930 2951 2052 3011 [ma]-

357 3024 521 3070 iorum³
551 3038 625 3080 per
653 3022 1025 3067 fideicommissum
1064 3022 1069 3076 Ι
1111 3022 1187 3066 HS
1218 3022 1361 3065 decem
1392 3021 1476 3064 mil.
1506 3035 1546 3064 n.
1578 3020 1760 3076 reliquit,
1802 3036 1854 3064 ex
1885 3020 2005 3065 cuius
2040 3019 2049 3078 Ι

357 3106 548 3138 summae
576 3089 717 3136 usuris
747 3089 970 3146 quotannis
1009 3089 1077 3134 die
1106 3088 1256 3147 nafltali
1293 3088 1382 3133 eius
1412 3080 1708 3133 decurionibus
1736 3089 1947 3142 sportulae
1969 3093 2016 3141 ‘et
2038 3086 2048 3145 Ι
