2170 3458
338 261 456 299 XVH.
486 261 670 299 Notabilia
694 265 804 299 varia.
830 285 874 289 —
897 265 981 309 Aes,
1004 265 1138 302 ferrum
1156 269 1223 303 oet.
1255 267 1433 304 Convivia
1456 268 1612 314 publica.
1662 238 1664 240 v
1747 271 1829 309 909

117 373 273 420 mimo
295 374 489 411 mulierum
513 376 660 421 epulum
685 377 835 422 duplum
860 378 962 414 dedit
994 381 1083 415 6199

120 429 271 478 epulum
295 430 492 468 trichilinis
515 431 684 470 CCXVII
707 434 842 470 colonis
866 434 966 470 dedit
980 455 1024 461 —
1047 435 1241 481 prandium
1266 447 1333 473 sua
1356 437 1512 483 pecunia
1535 437 1670 474 colonis
1688 438 1837 475 Ostiesi-

191 486 260 524 bus
282 487 338 524 bis
361 488 462 525 dedit
491 491 579 525 6147

121 543 290 582 universe
311 545 412 591 plevi
428 545 504 589 (sic)
526 546 674 592 epulum
699 558 765 592 per
787 548 976 591 tridulqu
1002 549 1103 585 dedit
1126 549 1364 594 (dedicatione
1388 550 1625 595 thermarum)
1659 555 1747 588 5713
1763 553 1834 582 add.

109 602 285 648 (statuae
307 601 550 648 dedicatione)
584 603 685 640 dedit
711 605 807 649 plebi
836 605 971 642 urbane
1000 606 1046 642 sd
1076 607 1245 652 aepulum
1281 607 1439 643 convivii
1474 618 1603 653 panem
1634 614 1671 645 et
1699 609 1836 653 vinum,

189 661 314 695 tauros
336 658 374 694 H
397 685 407 695 .
423 685 434 695 .
452 686 461 696 .
486 660 655 697 verbeces
679 661 747 697 XV
773 664 858 697 6561

118 713 368 761 (ob-honorem
382 718 616 762 patronatus)
641 717 972 763 splendidissimum
997 720 1157 756 ordInem
1182 720 1350 765 liberosq.
1375 724 1414 756 et
1437 721 1608 766 coniuges
1633 732 1756 758 eorum
1773 723 1835 758 sed

187 776 228 810 et
247 772 424 820 populum
447 772 620 819 publicae)
644 775 834 819 epulantes
858 777 1016 812 maximo
1041 787 1121 813 cum
1145 777 1280 822 gaudio
1304 777 1523 813 exhilaravit
1547 781 1635 814 6530

118 826 347 865 dedicatione
377 831 520 864 statuae
548 829 795 874 municipibus
824 835 863 866 et
892 830 1020 867 incolis
1052 831 1266 876 utriusqme)
1297 842 1404 868 sexus
1440 833 1586 877 epulum
1623 837 1660 869 et
1689 837 1742 869 HS
1760 833 1835 870 1111

185 885 380 928 n(ummos)
402 884 504 920 dedit
534 887 624 920 2666

117 940 267 986 epulum
289 951 333 984 eu
357 940 416 978 die
442 941 526 988 (qua
551 942 709 980 thermas
732 945 788 979 rei
809 944 977 990 publicae
1003 945 1171 988 tradidit)
1196 945 1336 982 civibus
1361 946 1434 982 suis
1459 946 1626 991 praebuit
1656 950 1744 983 5695

118 997 205 1036 doto
228 998 338 1045 epulo
360 999 654 1044 (aquaeductum)
678 1001 862 1038 dedicavit
886 1004 975 1038 5764

116 1054 164 1093 ob
186 1054 451 1093 dedicationem
475 1055 757 1101 decurionibms)
780 1058 977 1104 sportulas,
1002 1058 1114 1094 curiis
1136 1058 1383 1104 epulactrissl)
1406 1059 1484 1094 eius
1499 1059 1676 1096 dederunt
1700 1063 1788 1097 5783

115 1111 310 1158 (mmm)
339 1112 522 1149 dedicavit
544 1117 582 1150 et
604 1115 750 1159 epulum
774 1115 876 1151 dedit
898 1115 1040 1150 decuris
1070 1125 1106 1151 n.
1131 1115 1205 1151 1111
1236 1118 1343 1161 3541;
1379 1116 1526 1162 epulum
1551 1117 1770 1153 decurionib.
1796 1122 1834 1153 et

186 1169 423 1214 Augustalib.
440 1170 567 1213 ded(it)
583 1173 687 1216 ⁶3285
721 1172 828 1217 epulo
843 1171 1038 1215 dedicavit,
1062 1171 1106 1207 ob
1123 1171 1385 1208 dedicationem
1410 1172 1556 1217 epulum
1573 1173 1674 1209 dedit
1695 1173 1836 1210 cimilia

186 1227 290 1262 2665.
314 1227 404 1262 3796
415 1233 442 1260 ⁸.
471 1229 572 1263 5072.
597 1230 697 1263 5073.
724 1231 823 1264 5075.
850 1231 949 1264 5080.
976 1231 1077 1265 5402.
1103 1232 1202 1264 5412.
1229 1231 1329 1264 5445.
1355 1232 1454 1265 5472.
1480 1232 1580 1265 5488.
1607 1233 1705 1266 5544.
1734 1234 1834 1266 5570.

187 1285 289 1319 5776.
313 1285 416 1319 6272.
440 1286 542 1321 6328.
566 1286 668 1320 6508.
693 1287 794 1320 6584.
825 1287 926 1321 6808.
957 1288 1058 1322 6821.
1089 1287 1191 1320 6827.
1221 1285 1320 1321 9364.
1353 1288 1453 1321 9401.
1478 1289 1579 1330 9403,
1615 1287 1762 1333 epulum
1787 1298 1834 1323 ex

187 1349 287 1376 more
309 1339 438 1384 dedat)
466 1343 556 1376 8374

115 1396 296 1433 manibus
323 1397 617 1441 centumvirmm)
647 1401 686 1434 et
715 1397 898 1434 sororibus
928 1403 965 1434 et
987 1397 1133 1434 filiabus
1162 1403 1199 1434 et
1222 1399 1338 1435 omnis
1363 1399 1499 1435 ordinis
1522 1400 1732 1436 mulieribus
1757 1411 1834 1436 mu·

185 1453 296 1500 nieip.
324 1453 471 1500 epulum
496 1453 628 1490 datum
651 1465 676 1490 a
698 1454 841 1499 femina
863 1454 1023 1499 quadam
1048 1457 1136 1490 6583

108 1510 271 1556 pecunia
299 1509 440 1547 donata
467 1511 524 1547 vel
552 1512 766 1547 testamento
793 1511 938 1557 relicta,
974 1513 1019 1547 ut
1040 1523 1087 1547 ex
1110 1512 1236 1547 usuri-s
1265 1512 1343 1547 ciue
1365 1511 1565 1556 quotannis
1595 1512 1672 1549 dies
1694 1513 1835 1549 natalie

185 1566 376 1604 donam
403 1567 458 1603 vel
487 1567 602 1604 unius
631 1579 677 1604 ea:
700 1568 926 1613 propinquis
955 1567 1033 1603 εἰπε
1064 1568 1144 1610 (inc.
1169 1569 1275 1603 cuiue
1295 1570 1437 1614 generis
1461 1569 1539 1604 dies
1563 1570 1665 1614 6644)
1692 1571 1835 1615 publice

183 1624 254 1668 (vel
273 1636 299 1661 a
321 1624 468 1671 oolleyie
496 1624 552 1660 vel
580 1624 848 1661 concurialibus
871 1626 947 1667 cet.)
978 1625 1083 1670 epulo
1112 1625 1306 1661 celebretur
1345 1628 1444 1661 1410.
1475 1628 1576 1661 5071.
1607 1629 1706 1662 5449.
1733 1630 1833 1666 5494,

185 1683 288 1718 6466.
310 1683 413 1718 6507.
438 1683 540 1717 6560.
564 1683 665 1717 6638.
691 1684 794 1718 6644.
818 1683 920 1717 6825.
945 1683 1046 1717 6837.
1073 1684 1173 1717 7235.
1198 1685 1298 1718 7256.
1325 1684 1431 1727 8374;
1462 1682 1702 1719 constitutum
1725 1686 1769 1719 ut
1792 1695 1833 1719 ea

181 1737 339 1784 pecunia
360 1737 436 1774 alio
460 1737 728 1783 traneferretur
750 1739 786 1774 si
807 1737 988 1774 voluntati
1010 1739 1202 1774 donatoris
1225 1749 1301 1774 non
1317 1741 1409 1775 esset
1422 1740 1709 1784 obtemperatum
1734 1743 1833 1775 5449.

184 1797 288 1832 6507.
310 1797 402 1831 '1235

113 1852 155 1890 in
176 1850 455 1899 ominationem]
475 1851 636 1897 pecunia
654 1863 700 1887 ea:
717 1853 928 1888 testamento
944 1852 1080 1896 relicta,
1113 1852 1166 1896 [in
1189 1851 1526 1898 a]mplificationem
1552 1880 1560 1888 .
1579 1879 1588 1888 .
1613 1853 1833 1898 epulationis

183 1919 208 1946 a
230 1907 351 1954 fratre
374 1907 542 1953 defuncti
565 1909 683 1945 nescio
705 1909 794 1954 quid
816 1908 984 1944 additum
1014 1911 1102 1944 9398

113 1965 320 2012 legativnm
344 1964 491 2011 epulum
517 1967 607 2001 6295

108 2022 271 2070 praedia
286 2021 379 2059 data
393 2022 675 2068 Augustalibus,
698 2027 741 2058 ut
763 2032 808 2058 ex
831 2022 952 2058 reditu
977 2033 1101 2058 eorum
1126 2022 1323 2066 quodannis
1346 2022 1405 2058 die
1419 2022 1542 2059 natali
1565 2022 1753 2059 donatoris
1776 2023 1830 2058 di·

183 2078 277 2116 visio
305 2078 372 2115 fiat
401 2083 439 2115 et
468 2079 665 2125 epulentur
695 2081 784 2115 6328
799 2087 834 2124 ³3
871 2079 985 2125 fundi
1014 2078 1159 2125 collegio
1189 2078 1380 2122 attributi,
1409 2080 1452 2115 ut
1481 2089 1526 2114 em
1553 2079 1675 2115 reditu
1704 2090 1832 2115 eorum

183 2136 384 2183 quotmnio
405 2135 513 2173 certis
534 2135 752 2182 quibusdam
776 2136 903 2172 diebus
932 2138 967 2172 et
988 2135 1067 2171 alia
1089 2136 1219 2182 fierent
1241 2135 1544 2180 convenirentque
1569 2137 1594 2171 ii
1619 2136 1681 2181 qui
1705 2137 1743 2171 in
1759 2136 1829 2172 col-

184 2193 289 2240 legio
310 2197 432 2230 essent
453 2193 500 2230 ad
523 2193 744 2239 epulandum
769 2196 858 2229 3546
1058 2198 1060 2200 ’

113 2249 187 2289 ‘his
211 2249 440 2297 (coniuqibuo
455 2250 606 2296 duobus)
631 2250 790 2296 epu1(a)e
813 2249 990 2286 debentur
1014 2261 1036 2286 a.
1059 2249 1213 2294 collegio
1236 2245 1543 2285 centonariorum’
1569 2251 1656 2285 6671
1684 2248 1832 2295 (scilicet

185 2309 399 2346 testamento
414 2307 608 2354 provisum
632 2309 722 2352 erat,
746 2308 791 2343 ut
812 2306 1001 2352 colquium
1023 2307 1065 2342 in
1087 2306 1260 2342 honorem
1282 2318 1409 2343 eorum
1433 2307 1655 2352 epularetur)

114 2365 224 2413 folles
247 2367 302 2402 tot
322 2364 513 2412 (numerus
527 2364 659 2410 periit)
676 2363 780 2410 plebi
801 2363 966 2400 urbanae
989 2363 1072 2400 dati
1087 2365 1132 2408 (a.
1151 2364 1253 2407 338),
1276 2374 1322 2399 ex
1338 2374 1489 2409 quorum
1514 2363 1633 2399 usuris
1657 2374 1723 2409 per
1747 2362 1830 2407 [sin-

183 2423 306 2470 gullos
328 2433 442 2459 annos
466 2420 673 2458 convivium
698 2421 962 2464 [deJdicationis
986 2421 1083 2464 sib(i)
1107 2420 1295 2456 exsibeant
1318 2423 1406 2456 6561

112 2480 259 2530 fundus
284 2479 438 2526 quidam
467 2478 629 2515 traditus
658 2478 817 2524 collegiis
845 2476 1004 2514 civitatis
1032 2488 1076 2514 ee.
1105 2477 1313 2514 condicione
1343 2483 1385 2514 ut
1409 2503 1418 2513 .
1442 2503 1451 2513 .
1473 2503 1482 2512 .
1507 2488 1551 2513 ex
1581 2477 1695 2522 ipsius
1725 2476 1830 2512 fundi

181 2536 362 2575 fructibus
386 2535 581 2579 eonthivia
607 2535 662 2571 bis
685 2544 807 2571 annua
830 2534 955 2571 diebus
980 2545 1093 2580 supra
1115 2534 1260 2580 scriptis
1285 2534 1357 2579 (die
1380 2534 1499 2571 natali
1522 2536 1558 2570 et
1581 2533 1640 2569 die
1661 2545 1730 2579 quo
1753 2534 1830 2570 vita

155 2591 158 2593 ’
181 2594 334 2632 messit
353 2593 454 2640 filius
478 2591 680 2635 donatoris)
703 2591 959 2628 exhiberentur
987 2594 1075 2628 8376

113 2652 165 2690 ad
194 2651 410 2688 memoriam
439 2649 526 2686 civis
556 2648 723 2695 defuncti
749 2647 939 2684 colendam
975 2648 1172 2685 secundum
1204 2649 1242 2684 in
1271 2659 1365 2684 anno
1395 2648 1454 2684 vel
1484 2647 1639 2693 amplius
1670 2646 1828 2683 universi

182 2709 307 2746 elvves
329 2707 500 2754 aepulum
525 2705 745 2743 celebraturi
770 2706 926 2750 (sumus)
951 2707 1040 2741 8375

113 2766 222 2805 aedos
245 2764 385 2802 donata
408 2775 433 2800 a
454 2764 596 2811 femina
617 2762 789 2808 quadam,
813 2767 858 2799 ut
878 2764 916 2798 in
931 2762 1143 2799 memorium
1166 2763 1332 2808 coniugis
1347 2762 1407 2799 sui
1422 2761 1587 2808 defuncti
1609 2761 1646 2797 in
1671 2771 1713 2797 ea
1737 2770 1827 2796 sem-

179 2833 248 2870 μω·
269 2821 464 2868 epulentur
487 2821 643 2857 cultores
667 2821 755 2855 3081

113 2881 155 2924 in
175 2889 266 2918 cena
286 2877 526 2926 parentalicis.
548 2878 578 2912 Χ
593 2878 623 2910 L
647 2881 684 2912 et
706 2875 774 2913 hoo
797 2876 952 2922 amplius
975 2880 1160 2922 sumptum
1184 2875 1324 2912 hostiae
1349 2876 1429 2912 dari
1453 2875 1533 2912 volo
1564 2877 1652 2910 6468

113 2939 162 2977 ad
189 2946 316 2975 oenum
345 2935 511 2972 omnibus
540 2933 705 2970 tn'contis
729 2933 765 2979 (i.
783 2944 811 2969 e.
837 2932 1016 2970 tricesimo
1038 2944 1177 2979 quoque
1201 2933 1279 2977 die)
1310 2933 1511 2979 ponendam
1531 2933 1565 2967 ᾗ
1581 2934 1616 2966 11
1640 2931 1677 2967 in
1701 2939 1842 2976 perpe-*⁷

215 2997 317 3038 uum)
344 2996 435 3030 9439

114 2997 224 3104 epuli)
247 3061 368 3088 annuo
391 3049 531 3087 adiecto
562 3050 669 3093 69545
704 3047 940 3093 epulatieium
964 3048 1166 3093 quodannis
1196 3047 1276 3084 dari
1299 3047 1435 3083 iussum
1468 3049 1572 3090 1410;
1613 3042 1827 3089 epulationis

183 3109 331 3147 nomine
347 3106 600 3144 decurionibus
617 3109 654 3141 et
669 3104 868 3141 curialibus
892 3105 952 3141 die
970 3105 1084 3142 natali
1100 3116 1165 3142 suo
1182 3105 1390 3147 (testatoris)
1405 3103 1591 3150 sportulae
1606 3103 1714 3137 datae
1738 3101 1826 3135 5494

113 3167 186 3213 (ut)
210 3165 375 3204 omnibus
399 3163 503 3201 annis
528 3161 739 3199 decuriones
762 3162 799 3198 in
824 3161 969 3208 publico
993 3167 1180 3206 conarent,
1210 3162 1337 3198 VIviri
1363 3159 1614 3206 Aug(ustales)
1637 3169 1718 3194 cum
1742 3156 1827 3192 aliie
