2170 3458
382 243 466 280 LVI
1007 239 1198 275 Addends..
1245 237 1365 283 Caput
1387 237 1450 273 IX.

382 356 536 394 Videtur
558 355 644 391 haec
666 353 871 390 constitutio
893 351 1116 398 pertinuisse
1146 350 1196 385 ad
1219 359 1341 385 omnes
1369 348 1524 384 cohortes
1554 347 1596 383 in
1619 346 1760 384 Moesia
1789 347 1979 395 superiore
1996 350 2078 393 *ten-
2146 341 2158 366 ¹²·

382 412 515 447 dentes.
558 410 697 457 Viqinti
721 412 756 446 et
775 420 851 446 una
876 408 1032 444 cohortes
1047 408 1241 452 praeterea
1263 406 1490 441 recensentur
1511 403 1554 439 in
1568 403 1648 440 sola
1671 405 1814 440 tantum
1828 404 2080 443 constitutione

382 468 476 504 anni
491 468 575 512 124,
599 467 649 502 ad
672 467 867 503 emersitum
883 463 1104 500 Britanniae
1127 461 1327 507 pertinente
1342 460 1407 506 [οΓ.
1423 471 1538 506 supra
1553 459 1601 496 N.
1618 461 1722 496 2001
1737 461 1810 497 not.
1828 461 1892 506 3),·
1907 460 2079 507 prom-im
2142 491 2165 513 4,

382 523 519 559 accedit
539 522 744 559 constitutio
760 521 951 566 pertinens
973 520 1023 556 ad
1045 519 1239 555 exercitum
1260 516 1481 552 Germaniae
1503 516 1714 562 superioris,
1737 515 1831 553 anni
1851 517 1922 553 116
1943 517 1990 563 (c.
2005 515 2084 554 III
2132 549 2162 557 ,,

382 591 417 626 p.
437 580 532 624 870)
556 590 636 615 cum
660 578 862 614 cohortibus
885 576 1017 613 XVII.
1052 595 1097 601 -
1133 577 1167 618 3)
1190 573 1294 609 Alibi
1315 572 1469 618 passim,
1504 575 1610 618 atque
1633 573 1743 609 etiam
1764 572 1807 609 in
1828 571 2080 610 constitutione
2143 603 2168 625 „

382 635 474 672 anni
492 636 548 680 93,
575 635 637 671 ala
653 635 738 670 haec
754 634 850 669 nude
868 632 1025 668 Claudia
1047 642 1142 667 nova
1165 629 1300 666 dicitur
1323 630 1491 674 (numero
1506 628 1535 664 I
1545 639 1620 665 non
1635 628 1812 675 adiecto),·
1833 627 1910 665 mei
1923 628 2080 673 fortasse
2149 628 2156 660 i·

381 692 466 727 haec
488 693 542 727 est
564 692 626 727 ala
648 690 678 726 I
697 690 853 726 Claudia
884 689 1089 731 Gallorum,
1115 697 1205 731 quae
1228 696 1262 721 a.
1279 686 1355 720 105
1375 686 1416 721 in
1438 685 1581 721 Moesia
1602 685 1776 731 inferiore
1799 684 1965 722 tendebat
1985 684 2082 731 (ΙΙΙ
2148 683 2168 726 i,

380 758 417 794 p.
443 748 521 783 865
541 747 661 792 dipl..)
699 767 745 773 —
782 751 816 790 4)
840 746 916 782 Sub
951 743 1150 780 Hadriano
1185 741 1228 777 in
1261 741 1481 777 Macedonia
1517 742 1640 787 (infra
1662 741 1710 778 N.
1729 741 1857 788 9055),
1894 743 2080 788 praeterea
2142 743 2155 791 ſs

381 805 515 850 iynota.
547 824 587 829 --
620 807 652 846 5)
680 803 735 848 Of.
759 812 874 848 supra
896 801 943 838 N.
960 801 1079 836 2004.
1103 799 1223 834 2005.
1259 818 1304 824 --
1340 801 1372 842 6)
1395 798 1508 845 Haec,
1535 801 1636 835 utet
1654 809 1744 845 pars
1765 808 1893 835 earum
1915 808 2006 843 quae
2026 808 2079 834 se-

381 862 551 905 quuntur,
583 860 692 895 etiam
716 858 762 894 N.
783 859 896 893 9053.
926 877 971 883 —
1010 859 1046 900 7)
1075 855 1209 891 Postea
1231 854 1273 890 in
1295 854 1428 891 Dacia.
1459 875 1505 880 —
1544 857 1578 898 8)
1609 854 1666 900 ΟΓ.
1689 865 1805 901 supra
1827 853 1875 890 N.
1898 853 2011 897 2733.
2034 874 2079 881 —

2163 797 2170 831 Ξ

2165 833 2170 894 ἒ

382 919 415 959 9)
441 917 497 961 C's.
521 916 623 961 infra
646 915 694 951 N.
709 915 819 951 9273.
851 934 897 939 -
934 916 988 955 10)
1014 912 1072 957 Of.
1094 922 1210 958 supra
1232 910 1280 947 N.
1303 912 1412 947 1997.
1447 931 1494 937 -
1531 912 1585 954 11)
1612 910 1669 955 ΟΓ.
1692 904 2012 957 supraN.132U.
2035 929 2080 936 —
2157 903 2170 973 ζ

383 974 436 1013 12)
462 971 568 1006 Idem
590 971 631 1006 in
654 970 831 1016 amphora
855 969 935 1004 XV
956 970 1067 1004 4536.
1100 988 1140 994 —-
1175 971 1230 1010 13)
1259 969 1294 1004 8.
1310 967 1395 1003 Mai
1417 969 1471 1013 (a.
1486 968 1594 1013 100).
1643 966 1841 1003 Consulum
1862 965 1992 1003 horum
2013 977 2079 1003 no—

380 1027 492 1071 mina,
517 1027 580 1062 sed
602 1027 748 1071 mutila,
774 1026 883 1062 etiam
907 1025 949 1061 in
971 1025 1176 1071 fragmento
1201 1024 1384 1070 fastorwm
1407 1023 1588 1069 feriarum
1610 1023 1853 1068 Latinarum,
1881 1023 1920 1059 0.
1934 1021 1970 1058 I.
1985 1021 2031 1060 L.
2053 1021 2084 1058 I

381 1083 433 1119 ed.
457 1083 484 1118 2
502 1093 540 1128 p.
565 1084 613 1118 59
625 1083 659 1119 h.
706 1083 807 1125 (Iam
837 1083 992 1128 apparet
1019 1081 1083 1117 hoc
1113 1081 1362 1127 fragmentum
1390 1080 1569 1126 pertinere
1597 1081 1648 1117 ad
1671 1090 1788 1116 annos
1813 1078 2010 1124 98—101.)
2033 1098 2080 1104 —

383 1141 436 1181 14)
460 1139 534 1174 Hic
550 1138 683 1174 desinit
696 1139 902 1184 eoeemplum
917 1137 1082 1173 interius.
1098 1158 1143 1163 —
1169 1141 1223 1181 15)
1246 1137 1353 1173 Idem
1369 1148 1484 1183 supra
1499 1136 1546 1173 N.
1560 1136 1659 1173 2001
1675 1138 1711 1172 et
1724 1135 1824 1172 alibi.
1840 1155 1887 1162 -
1911 1138 1968 1180 16)
1986 1134 2080 1171 ‘Tres

380 1195 418 1230 hi
443 1195 643 1241 siynatores
665 1195 790 1241 iynoti.
831 1215 872 1221 -—
915 1197 970 1238 17)
992 1193 1099 1229 Idem
1121 1203 1235 1239 supra
1258 1192 1309 1229 N.
1330 1194 1446 1229 2001.
1471 1194 1582 1229 2002
1608 1195 1644 1229 et
1665 1192 1765 1229 alibi.
1804 1212 1850 1219 —
1890 1194 1945 1235 18)
1972 1190 2079 1228 Idem
2136 1199 2160 1211 '“

379 1261 493 1296 supra
515 1251 560 1287 N.
578 1252 688 1286 1998.
713 1271 758 1277 —
785 1253 839 1294 19)
862 1250 967 1286 Idem
989 1250 1035 1286 N.
1063 1250 1163 1285 9053
1186 1251 1222 1285 et
1243 1249 1343 1286 alibi.

491 1376 603 1420 9055
651 1376 751 1432 imp.
793 1377 949 1421 Caesar
986 1374 1075 1420 divi
1113 1375 1287 1420 Traiani
1322 1374 1509 1419 Parthici
1546 1375 1576 1418 f.
1614 1374 1703 1419 divi
1739 1375 1910 1420 Nervae
1946 1388 2079 1432 nepos

380 1443 589 1488 Traianus
619 1444 864 1488 Hadrianus
894 1445 1002 1499 Aug.
1040 1443 1185 1499 pontif.
1219 1457 1344 1500 max„
1381 1442 1473 1487 trib.
1504 1444 1664 1499 potest.¹
1698 1443 1792 1486 IIII
1806 1444 1834 1495 ²,
1877 1456 1962 1488 cos.
1992 1443 2076 1496 ΙΙΙ,

380 1510 590 1566 peditibus
620 1511 693 1567 qui
722 1511 1005 1555 militaverunt
1035 1511 1080 1554 in
1110 1511 1204 1555 coh.
1236 1512 1257 1553 I
1288 1511 1350 1553 Fl.
1382 1511 1584 1565 Bessor.⁸‚
1628 1524 1739 1566 quae
1775 1514 1838 1555 est
1869 1508 1915 1554 in
1942 1510 2079 1555 Mace-

382 1577 510 1621 donia
547 1580 625 1622 sub
656 1578 832 1623 Octavio
864 1577 1096 1622 Antonino⁴
1142 1577 1329 1634 quinque
1368 1583 1408 1621 et
1445 1576 1595 1634 viginti
1638 1575 1856 1634 stipendiis
1895 1571 2077 1621 emeritis

382 1644 565 1689 dimissis
609 1646 784 1690 honesta
828 1645 1044 1699 missione,
1087 1660 1267 1702 quorum
1313 1643 1487 1689 nomina
1529 1646 1765 1701 subscripta
1807 1649 1924 1690 sunt:
1973 1643 2077 1701 ipsis

381 1711 520 1756 liberis
550 1715 811 1769 posterisque
841 1727 984 1757 eorum
1016 1713 1226 1758 civitatem
1258 1712 1372 1756 dedit
1400 1717 1440 1757 et
1468 1712 1694 1757 conubium
1733 1727 1831 1757 cum
1862 1712 2076 1766 uxoribus,

381 1793 487 1834 quas
525 1785 624 1825 tunc
653 1780 898 1824 habuissent
936 1795 1030 1825 cum
1071 1785 1132 1825 est
1167 1779 1315 1824 civitas
1351 1779 1406 1830 iis
1444 1780 1555 1834 data,
1594 1785 1668 1824 aut
1704 1779 1763 1825 si‘
1793 1779 1868 1836 qui
1896 1779 2076 1825 caelibes

380 1852 526 1901 essent,
565 1862 661 1892 cum
690 1847 742 1892 iis
773 1862 879 1904 quas
907 1853 1052 1904 postea
1082 1847 1300 1893 duxissent
1329 1848 1548 1892 dumtaxat
1577 1847 1734 1904 singuli
1763 1848 1965 1904 singulas.
2023 1850 2074 1893 A.

380 1914 420 1957 d.
442 1914 512 1957 III
542 1915 584 1958 k.
613 1916 693 1959 lul.
726 1916 771 1960 O.
793 1914 986 1960 Publicio
1007 1916 1217 1969 Marcello,
1250 1917 1299 1959 L.
1321 1915 1478 1960 Rutilio
1499 1915 1743 1971 Propinquo
1773 1917 1877 1960 cos!⁵

492 1983 584 2026 coh.
606 1984 627 2025 I
658 1984 693 2026 F
693 1984 777 2027 lav.
800 1982 1011 2041 Bes[s]or.‚
1041 1984 1110 2028 cui
1139 1984 1301 2040 praest⁷
1333 1985 1383 2027 A.
1405 1982 1552 2028 Aelius
1571 1983 1894 2040 Sollemnianus,
1924 1998 1978 2028 ex
2005 1998 2081 2041 ρει,

378 2049 482 2093 dite:
513 2050 570 2092 M.
593 2049 773 2094 Antonio
794 2050 909 2095 'rimi
937 2051 967 2094 f.
989 2050 1125 2095 Timi⁸
1154 2050 1399 2107 Hierapol.⁹,
1429 2056 1468 2095 et
1497 2052 1788 2096 Tioroturmae
1801 2051 1830 2073 ¹⁰
1855 2046 2076 2097 Dotoohae

377 2115 438 2159 fil.
468 2117 590 2160 uxori
620 2117 709 2162 eius
738 2117 970 2173 Tricorn.¹²,
1005 2123 1045 2162 ct
1074 2118 1270 2163 Secundo
1300 2118 1330 2161 f.
1362 2117 1469 2174 eius,
1507 2123 1547 2162 et
1575 2118 1844 2163 Marcellinae
1876 2118 1939 2162 fil.
1970 2117 2074 2164 eius.

491 2184 756 2238 Descriptum
787 2190 827 2229 et
855 2187 1115 2241 recognitum
1145 2199 1198 2229 ex
1226 2186 1379 2229 tabella
1407 2200 1551 2240 aenea,
1582 2200 1691 2241 quae
1715 2185 1807 2231 fixa
1835 2191 1897 2231 est
1915 2187 2076 2233 Romae

377 2250 422 2293 in
452 2265 570 2295 muro
600 2257 692 2307 post
718 2253 920 2309 templum
951 2252 1040 2297 divi
1069 2255 1178 2309 Aug.
1207 2253 1263 2297 ad
1293 2251 1543 2297 Minervam.

495 2328 640 2365 Tabella
663 2341 773 2366 aenea
803 2331 984 2378 (diptychi
1001 2342 1095 2377 pars
1110 2331 1238 2377 prior)
1265 2341 1382 2377 paene
1409 2330 1567 2376 intcyra,
1603 2333 1747 2376 reperta
1768 2330 1821 2367 ibi
1843 2331 1909 2367 ubi
1934 2330 2074 2368 Tricor-

377 2383 481 2418 nium
498 2384 561 2429 (cf.
574 2387 644 2420 not.
657 2387 713 2430 11)
730 2386 844 2431 fuisse
859 2388 1010 2434 videtur,
1027 2388 1113 2424 inde
1129 2387 1174 2423 ab
1191 2399 1224 2423 a.
1238 2388 1342 2423 1907
1353 2386 1531 2433 Belyradi
1545 2387 1588 2423 in
1602 2397 1723 2423 museo
1739 2387 1904 2432 (Vassits
1917 2390 2074 2434 comptos

377 2439 511 2475 rendus
535 2440 577 2475 de
601 2441 727 2478 l’acad.
746 2443 807 2479 des
821 2443 929 2479 inscr.
953 2446 988 2479 et
1011 2443 1041 2479 b.
1060 2444 1082 2479 l.
1106 2445 1208 2479 1909
1230 2454 1266 2490 p.
1282 2444 1358 2479 130
1369 2454 1447 2488 seq„
1473 2454 1555 2479 cum
1578 2443 1767 2490 imagine).
1811 2443 1958 2480 Paucas
1981 2444 2072 2481 litte-

376 2506 449 2538 ras,
473 2507 563 2540 quae
579 2497 716 2541 primis
738 2499 899 2535 versibus
923 2500 1078 2545 eoeempli
1100 2499 1294 2536 exterioris
1318 2500 1454 2544 desunt,
1479 2500 1624 2545 supplet
1643 2500 1829 2546 scriptura
1850 2499 2013 2536 interior.
2027 2521 2074 2527 —

380 2554 412 2591 1)
436 2551 629 2587 tribunicia
651 2557 824 2598 potestat.
848 2556 1028 2601 scriptura
1053 2556 1214 2592 interior.
1239 2561 1284 2582 —‘-
1313 2558 1348 2600 2)
1371 2556 1417 2591 A.
1441 2566 1478 2601 p.
1506 2555 1588 2593 Chr.
1609 2557 1697 2592 120.
1723 2576 1765 2582 -
1796 2559 1831 2600 3)
1853 2556 1976 2593 Besor.
1999 2567 2073 2593 non

376 2609 467 2642 recte
493 2607 642 2651 primus
677 2610 791 2646 editor
824 2622 860 2656 p.
883 2614 968 2648 130.
1019 2612 1151 2649 Cohors
1178 2613 1308 2658 prima
1336 2611 1471 2647 Flavia
1493 2611 1692 2649 Bessorum
1719 2625 1755 2649 a.
1777 2614 1857 2649 110.
1881 2613 2007 2659 fuerat
2031 2612 2074 2649 in

377 2662 518 2698 Moesia
540 2664 723 2708 superiore
746 2667 876 2711 (supra
891 2668 940 2703 N.
960 2669 1089 2713 9054).
1130 2669 1283 2714 (Cohors
1305 2668 1461 2704 secunda
1484 2667 1619 2704 Flavia
1631 2668 1830 2705 Bessorum
1852 2671 2074 2706 memoratur

375 2729 490 2764 supra
512 2718 559 2754 N.
579 2721 680 2755 8853
703 2724 738 2757 et
757 2722 798 2757 in
816 2723 1073 2767 diplomatibus
1095 2724 1351 2769 militaribus.)
1374 2745 1420 2750 —
1442 2725 1479 2770 4)
1503 2724 1703 2761 Proconsul
1724 2727 1768 2762 ut
1787 2725 1931 2762 videtur
1951 2725 2074 2762 Mace-

377 2775 516 2811 doniae.
556 2775 658 2811 Haec
680 2777 757 2812 sola
781 2789 824 2813 eac
847 2778 1161 2816 constitutionibus
1184 2780 1293 2816 huius
1313 2780 1455 2826 generis
1472 2780 1650 2826 hucusque
1672 2781 1825 2829 repertis
1845 2779 2002 2829 pertinet
2021 2782 2072 2818 ad

376 2831 602 2876 provinciam
624 2833 829 2877 proconsuli
851 2834 1045 2870 subditam.
1078 2855 1123 2861 —
1153 2839 1184 2879 5)
1208 2836 1282 2871 Hic
1307 2835 1441 2872 desinit
1460 2836 1628 2882 scripura
1649 2837 1812 2875 interior.
1842 2858 1888 2864 --
1921 2835 1956 2882 6)
1980 2837 2071 2875 Gon-

377 2887 498 2922 sulum
528 2897 599 2932 par
625 2891 753 2925 notum
782 2890 892 2925 etiam
921 2901 964 2925 ex
994 2891 1085 2927 actis
1113 2892 1274 2936 fratrum
1302 2892 1507 2934 Arvalium.
1554 2892 1743 2930 Publicius
1770 2893 1968 2931 Marcellus
1999 2905 2070 2931 me-

376 2945 541 2979 moratur
569 2942 679 2979 etiam
712 2955 827 2991 supra
854 2945 902 2982 N.
929 2947 1044 2981 8826.
1095 2947 1233 2983 Rutilii
1261 2958 1481 2993 praenomen
1509 2949 1550 2983 L.
1583 2950 1675 2994 (non
1703 2950 1762 2996 ⁷12,
1796 2952 1841 2986 ut
1872 2949 2070 2996 aliouando

376 2999 514 3035 editum
530 3000 626 3045 erat)
651 3000 761 3036 etiam
775 3002 817 3036 in
833 3001 923 3037 actis
938 3002 1134 3038 Arvalium
1157 3003 1203 3047 cf.
1227 3003 1285 3040 VI
1298 3004 1431 3039 32375.
1449 3024 1494 3029 -
1518 3007 1550 3047 7)
1575 3008 1717 3050 praeest
1732 3005 1858 3053 editor,
1882 3016 1957 3042 non
1970 3007 2069 3042 recte.

375 3076 417 3081 —
453 3058 486 3098 8)
520 3055 626 3092 Idem
660 3059 703 3092 ut
735 3058 822 3102 puto
857 3067 988 3093 nomen
1023 3057 1158 3103 Syrum
1194 3060 1288 3103 quod
1323 3059 1413 3095 alibi
1446 3059 1617 3096 scribitur
1655 3061 1816 3098 Theimes
1853 3062 1918 3108 (cf.
1957 3072 2071 3108 supra

375 3111 422 3148 N.
447 3113 573 3157 4341).
609 3132 655 3138 -
691 3115 724 3156 9)
749 3112 985 3159 Siynificatur
1017 3116 1106 3159 puto
1135 3114 1348 3160 Hierapolis
1377 3115 1519 3161 Syriae.
1554 3136 1599 3141 —
1637 3119 1691 3160 10)
1717 3117 1777 3153 Sic
1805 3118 1927 3164 potius
1961 3128 2071 3163 quam
