2150 3502
395 289 445 324 IV
1144 284 1338 322 Praefatio.

395 401 508 456 poris
552 402 619 444 vel
663 399 963 455 descriptorum
1010 400 1134 454 culpa
1170 402 1402 451 corruptae,
1448 397 1541 441 illas
1578 397 1767 453 praetuli.
1827 398 1915 443 Sed
1949 403 2090 444 tamen

397 468 520 512 etiam
553 467 596 510 in
626 466 943 523 inscriptionum
973 466 1164 510 frustulis
1202 469 1242 508 et
1278 463 1320 507 in
1349 462 1690 520 inscriptionibus
1724 465 1992 521 neglegenter
2010 467 2091 510 de-

397 535 560 591 scriptis
590 549 715 590 saepe
744 535 872 577 latent
890 547 956 577 res
977 531 1269 577 memorabiles
1299 536 1339 575 et
1368 530 1586 587 diligentia
1614 531 1897 577 studiosorum
1917 532 2092 590 dignae;

398 617 547 646 moneo
579 602 706 657 igitur
736 615 807 645 eos
837 600 990 656 quibus
1030 600 1135 643 haec
1163 599 1303 643 studia
1331 599 1563 655 aliquando
1593 598 1709 643 cordi
1738 605 1875 658 erunt,
1911 604 1959 644 ut
1986 600 2092 645 haec

397 675 436 713 et
466 668 619 713 similia
652 683 680 713 a
718 683 784 712 me
814 668 970 712 omissa
1008 681 1092 711 non
1127 667 1263 710 solum
1301 681 1387 711 non
1421 667 1663 723 neglegant,
1707 667 1783 711 sed
1818 667 1862 711 in
1893 668 2093 725 Corporis

396 735 712 792 inscriptionum
758 735 1002 779 Latinarum
1048 733 1332 778 voluminibus
1382 739 1422 778 et
1467 733 1511 777 in
1555 733 1726 789 reliquis
1774 733 2091 792 inscriptionum

399 804 651 848 editionibus
680 803 842 847 curiose
871 801 1107 858 anquirant.

512 872 747 927 Praecipua
774 885 875 915 cura
911 885 938 914 a
967 884 1034 913 me
1063 868 1253 913 adhibita
1286 873 1348 912 est
1376 868 1585 913 indicibus
1614 870 1711 921 (vol.
1733 870 1802 913 III
1832 884 1872 927 p.
1900 873 2092 923 1—954).

396 941 447 983 Et
476 954 551 1014 pro
582 953 730 983 norma
759 943 876 982 erant
908 937 1069 982 indices
1099 936 1295 993 Corporis
1332 936 1648 992 inscriptionum
1681 936 1944 990 Latinarum,
1983 937 2094 982 hanc

397 1006 623 1063 praecipue
651 1008 703 1050 ob
730 1020 914 1060 causam,
946 1005 1061 1061 quod
1090 1006 1255 1062 sylloge
1286 1018 1381 1048 mea
1410 1003 1571 1047 aditum
1602 1004 1915 1059 quodammodo
1944 1018 2095 1062 parare

397 1076 519 1119 debet
547 1079 592 1117 ut
622 1074 678 1117 ad
705 1074 799 1129 ipsa
823 1072 1020 1129 Corporis
1050 1071 1270 1117 volumina
1297 1071 1357 1116 ita
1386 1071 1511 1115 etiam
1541 1072 1597 1116 ad
1624 1071 1784 1117 indices
1813 1086 1980 1128 eorum;
2019 1073 2094 1117 sed

397 1142 603 1186 interdum
643 1143 697 1185 ab
734 1141 815 1185 hac
851 1155 1000 1184 norma
1038 1139 1318 1184 recedendum
1349 1144 1449 1183 erat.
1509 1139 1683 1196 Sylloge
1721 1153 1817 1184 mea
1845 1141 1970 1184 rebus
2005 1154 2092 1183 me-

397 1208 670 1254 morabilibus
714 1209 844 1253 multo
889 1207 1026 1263 magis
1066 1208 1218 1251 referta
1261 1212 1322 1251 est
1361 1221 1487 1262 quam
1532 1208 1665 1250 ullum
1710 1221 1762 1251 ex
1800 1207 1995 1264 Corporis
2030 1207 2093 1250 in-

398 1276 669 1333 scriptionum
700 1274 1005 1329 voluminibus3
1036 1280 1075 1319 et
1095 1275 1323 1319 verendum
1358 1279 1455 1331 erat,
1485 1289 1538 1318 ne
1567 1274 1726 1319 indices
1756 1274 1849 1330 mei,
1878 1275 1916 1319 si
1933 1274 2093 1320 indices

398 1342 593 1398 Corporis
622 1343 940 1398 inscriptionum
976 1345 1103 1386 anxie
1141 1356 1347 1398 sequerer,
1385 1341 1562 1385 nimium
1599 1342 1643 1386 in
1673 1343 1845 1387 modum
1881 1357 2092 1388 excresce-

397 1416 502 1463 rent,
542 1411 771 1455 verendum
802 1416 905 1466 erat,
944 1425 996 1454 ne
1025 1411 1226 1454 lectorum
1262 1409 1392 1454 animi
1427 1411 1495 1454 vel
1531 1410 1641 1454 oculi
1679 1410 1772 1466 ipsa
1807 1411 1916 1454 mole
1952 1424 2091 1455 rerum

397 1483 734 1522 enumeratarum
766 1478 1078 1522 deterrerentur.
1139 1477 1275 1531 Saepe
1306 1477 1479 1530 mutavi,
1515 1491 1641 1533 saepe
1671 1477 1880 1522 coarctavi
1910 1490 2021 1534 quae
2049 1477 2093 1521 in

398 1545 564 1589 chartas
594 1546 871 1598 conieceram,
905 1550 1021 1589 ratus
1051 1545 1223 1589 modum
1254 1544 1437 1600 aliquem
1468 1544 1671 1601 aptiorem
1702 1544 2002 1590 distributionis
2030 1544 2094 1588 in-

399 1612 533 1655 veniri
568 1627 704 1668 posse.
763 1614 815 1657 Et
843 1627 927 1657 non
957 1613 1092 1657 solum
1131 1612 1236 1655 mihi
1264 1612 1354 1668 ipse
1384 1613 1463 1656 hoc
1493 1626 1600 1656 onus
1630 1611 1866 1668 corrigendi
1900 1617 1942 1656 et
1968 1613 2092 1656 refin-

399 1679 525 1734 gendi
554 1680 754 1736 imposui,
785 1681 859 1725 sed
879 1680 1004 1724 etiam
1034 1694 1061 1724 a
1089 1680 1306 1737 typotheta
1335 1685 1381 1723 ut
1399 1681 1524 1723 telam
1546 1679 1628 1724 iam
1651 1685 1886 1724 contextam
1907 1679 2095 1724 reficeret

397 1747 567 1801 saepius
598 1762 725 1802 quam
755 1747 800 1791 id
829 1747 922 1790 fieri
953 1748 1057 1791 solet
1085 1746 1301 1802 flagitavi,
1336 1761 1420 1791 non
1449 1761 1542 1791 raro
1573 1749 1683 1791 enim
1714 1753 1809 1803 post
1837 1747 2095 1803 compositas

398 1815 567 1858 demum
608 1815 787 1870 paginas
825 1816 1071 1871 apparebat,
1110 1829 1259 1869 parum
1290 1815 1558 1858 commodum
1598 1815 1742 1859 lectori
1777 1815 1965 1858 futurum
2003 1828 2095 1859 esse

398 1881 586 1925 ordinem
617 1881 863 1926 institutum.
923 1882 1060 1925 Variis
1091 1882 1157 1925 his
1186 1881 1527 1938 temptaminibus
1557 1896 1641 1926 non
1662 1883 1799 1926 solum
1829 1883 1947 1926 labor
1975 1897 2095 1927 meus

398 1948 528 1992 crevit
571 1950 645 1993 sed
683 1950 806 1993 etiam
846 1949 1060 2005 impensae
1097 1963 1124 1992 a
1162 1948 1391 2004 bibliopola
1433 1948 1477 1992 in
1515 1963 1622 2005 opus
1658 1949 1879 1994 faciendae
1922 1950 1967 1994 in
2005 1949 2094 1995 dies

398 2022 547 2060 auctae
590 2024 704 2072 sunt;
755 2017 869 2072 quod
911 2031 1071 2070 moneo,
1117 2031 1170 2060 ne
1209 2016 1303 2071 quis
1347 2017 1525 2070 pretium
1562 2015 1800 2073 voluminis,
1844 2018 1970 2074 quod,
2013 2017 2094 2062 nisi

353 2113 358 2118 -
398 2084 533 2138 fallor,
563 2084 687 2127 etiam
720 2083 924 2127 nitiditate
953 2090 1149 2141 typorum
1181 2099 1226 2128 se
1257 2085 1532 2139 commendat,
1562 2084 1753 2140 iniquum
1784 2084 1952 2129 iudicet.

513 2151 747 2194 Plurimum
779 2151 1063 2195 haesitationis
1093 2151 1228 2194 attulit
1256 2151 1383 2194 index
1413 2153 1713 2206 grammaticus
1733 2153 1832 2205 (vol.
1855 2153 1924 2196 III
1951 2166 1990 2208 p.
2011 2155 2094 2197 802

400 2221 574 2274 —875);
618 2223 744 2273 atque
779 2218 863 2262 iam
900 2218 943 2260 in
974 2232 1023 2261 eo
1055 2232 1185 2274 eram,
1230 2224 1276 2261 ut
1304 2219 1429 2262 talem
1469 2218 1648 2262 indicem
1687 2220 1812 2275 plane
1850 2220 2093 2274 omitterem,

399 2285 621 2329 arbitratus
660 2300 755 2329 eum
794 2300 952 2341 parvae
988 2285 1174 2329 utilitatis
1209 2286 1397 2329 futurum
1436 2287 1504 2329 vel
1534 2292 1642 2330 certe
1678 2300 1762 2330 non
1791 2287 1835 2331 id
1863 2293 2094 2343 praestatu-

400 2367 512 2407 rum,
550 2353 664 2407 quod
702 2351 905 2409 philologi
943 2355 996 2396 ab
1029 2367 1077 2396 eo
1109 2358 1337 2408 expectant.
1398 2354 1450 2396 In
1480 2353 1617 2397 indice
1654 2354 1765 2397 enim
1804 2356 1995 2411 syllegae
2031 2355 2094 2398 in-

400 2420 669 2474 scriptionum
710 2419 914 2475 philologi
951 2420 1134 2463 maxime
1173 2426 1380 2475 quaerunt
1418 2420 1605 2464 notitiam
1644 2422 1849 2465 sermonis
1887 2423 2095 2478 vulgaris3

401 2488 604 2532 sermonis
652 2493 790 2530 autem
841 2488 1028 2542 vulgaris
1077 2489 1240 2543 sylloge
1289 2502 1383 2531 mea
1431 2487 1660 2543 imaginem
1711 2491 1880 2544 praebet
1925 2489 2096 2533 minime

401 2556 580 2610 plenam.
641 2556 708 2598 Ad
737 2569 803 2598 res
834 2554 1123 2598 memorabiles
1152 2555 1327 2610 attendi,
1367 2570 1464 2599 cum
1494 2555 1784 2611 inscriptiones
1814 2556 1981 2613 collegi,
2011 2571 2095 2601 non

399 2623 454 2666 ad
485 2622 689 2666 sermonis
718 2621 988 2677 proprietates
1018 2623 1084 2665 vel
1115 2621 1323 2666 scribendi
1353 2637 1524 2667 errores.
1584 2623 1754 2667 Nullam
1783 2622 2094 2680 inscriptionem

402 2689 560 2733 exclusi
581 2694 748 2745 propter
769 2689 989 2733 infantiam
1011 2689 1234 2745 scriptoris,
1264 2691 1338 2733 sed
1361 2704 1444 2734 non
1465 2690 1602 2746 magis
1621 2691 1752 2734 ullam
1773 2689 1911 2746 recepi
1930 2696 2097 2746 propter

401 2759 534 2801 solam
579 2758 797 2812 vulgarem
844 2756 1079 2800 dictionem.
1152 2757 1333 2801 Omnino
1376 2757 1420 2800 in
1464 2759 1627 2814 sylloge
1671 2772 1766 2801 mea
1807 2757 2096 2814 inscriptiones

402 2824 579 2880 scriptae
609 2826 662 2867 ab
683 2824 855 2868 eruditis
885 2829 925 2867 et
954 2824 1232 2880 locupletibus
1262 2839 1435 2869 numero
1466 2830 1666 2881 superant
1694 2824 1981 2880 inscriptiones
2012 2827 2097 2881 ple·

404 2891 601 2935 beiorum.
662 2892 858 2935 Vetustae
889 2906 1058 2946 quoque
1088 2892 1259 2946 linguae
1298 2894 1493 2952 exempla
1522 2894 1724 2936 nonnulla
1752 2893 1902 2936 desunt
1929 2899 2097 2949 propter

402 2958 669 3003 omissionem
701 2959 753 3002 de
773 2973 859 3013 qua
888 2973 1015 3014 supra
1046 2959 1135 3002 dixi
1164 2953 1509 3013 fragmentorum.
1554 2961 1615 3004 Re
1635 2965 1774 3004 tamen
1804 2959 1963 3004 diutius
1992 2974 2096 3016 pon-

403 3027 548 3069 derata
577 3025 694 3069 nolui
724 3026 984 3081 supprimere
1015 3040 1123 3081 quae
1154 3028 1282 3070 multo
1314 3042 1409 3071 cum
1432 3029 1573 3072 labore
1603 3033 1803 3083 congesta
1832 3041 1916 3071 non
1937 3028 2096 3071 minore

402 3096 543 3138 labore
573 3095 616 3135 in
648 3093 834 3136 ordinem
866 3093 1049 3148 aliquem
1081 3095 1341 3149 redegeram,
1379 3100 1418 3138 et
1447 3110 1568 3151 spero
1599 3096 1708 3139 hanc
1738 3109 1906 3150 quoque
1935 3100 2096 3149 partem

402 3161 589 3205 indicum
620 3174 808 3204 meorum
839 3175 935 3204 cum
965 3161 1104 3205 fructu
1133 3161 1324 3205 adhiberi
1352 3177 1487 3218 posse.
