2170 3458
15 2908 22 2933 ἔ

1 3015 23 3025 ,.

10 3031 27 3090 Ξ

10 3098 29 3166 ἕ

3 3168 30 3200 ,Ἓξ

13 3213 27 3240 ⁴!

4 3251 29 3290 33.

14 3301 19 3310 .

290 240 405 277 XVII.
433 240 617 277 Notabilis.
634 242 746 278 varia.
767 262 807 267 —
835 239 1009 280 Aedificia
1025 253 1106 279 cum
1124 253 1189 280 suo
1206 246 1347 288 ornatu,
1372 242 1451 279 loca
1467 242 1613 287 publica
1628 248 1697 279 cet.
1767 244 1850 282 881

137 362 228 391 aua
247 353 351 399 leege
375 353 519 389 Albana
543 353 666 390 dicata
693 357 782 390 2988

137 419 204 446 m
225 409 399 456 Augusta
421 410 524 446 iussu
547 411 643 447 Iovis
666 411 743 447 vico
766 412 913 448 cuidam
937 414 1078 450 urbano
1096 414 1221 459 posita
1251 415 1341 449 3090

138 476 204 504 m
225 466 372 513 meeis
395 466 555 504 Mithrae
580 470 676 503 9279

137 545 230 592 ipsis
251 545 331 582 aris
352 545 595 592 inemptum:
626 557 691 582 ara
714 547 939 593 Disciplinae
964 552 1053 585 3810
1084 570 1128 575 -—
1159 560 1222 586 ara
1245 549 1426 595 Neptuni,
1455 559 1519 584 ara
1543 548 1850 594 Tranquillitatis,

202 612 268 639 ara
290 601 494 639 Ventorum
518 605 620 639 3277.
646 607 745 640 3278.
772 607 861 640 3279

138 668 241 697 aram
263 661 452 696 vetustate
475 658 734 696 labefactatam
758 665 798 697 et
821 662 1010 698 renovavit
1034 666 1072 698 et
1097 662 1263 698 restituit
1286 665 1373 698 3227

137 714 232 753 hanc
254 724 355 751 aram
379 726 424 752 ne
448 716 529 761 quis
554 715 701 753 dealbet
724 720 813 752 3064

137 817 254 855 mli·
277 827 350 863 sep.
375 819 463 854 8101

137 874 265 912 arcula
285 885 400 912 aenea
423 877 512 911 5763

137 935 260 969 areum
291 942 401 968 arcus
422 931 526 968 urbis
548 931 691 968 Romae
714 943 746 968 v.
770 944 886 979 supra
902 945 991 980 paq.
1013 934 1098 979 641;
1116 935 1309 978 praeterea
1334 937 1399 970 140
1414 935 1456 956 ³⁴·
1480 936 1556 970 217.
1583 936 1660 970 269.
1678 937 1755 970 637.
1773 937 1850 970 644.

205 990 284 1025 694.
307 990 387 1024 781.
411 990 490 1024 798.
516 991 593 1025 835.
618 991 718 1024 2933.
744 991 844 1025 3372.
870 993 971 1028 5368.
997 992 1096 1026 5469.
1124 993 1222 1025 5566.
1248 993 1347 1026 5567.
1375 992 1473 1026 5568.
1500 993 1600 1026 5569.
1626 993 1725 1026 5570.
1750 993 1850 1026 5571.

206 1047 308 1081 5572.
333 1046 434 1081 5582.
460 1048 560 1082 5598.
586 1048 685 1082 5715.
713 1049 801 1082 5799
815 1046 879 1091 fin.
905 1050 1006 1084 6147.
1030 1049 1120 1083 7080
1133 1047 1204 1075 add.

272 1104 432 1146 areu(u)s
456 1102 526 1138 duo
550 1105 652 1138 4702.
678 1106 765 1138 5567

273 1169 377 1195 arcus
401 1159 636 1205 triumphalis
668 1162 757 1195 2933

274 1225 381 1252 arcus
405 1215 600 1262 triumphis
624 1215 781 1262 insignis
806 1219 872 1252 694

275 1272 408 1317 [achus
438 1271 669 1308 celeberrimo
698 1272 860 1309 coloniae
889 1277 1035 1310 nostrae
1064 1274 1143 1311 loco
1166 1274 1412 1311 constituatur
1436 1277 1598 1316 ornatu[s
1621 1274 1767 1318 sp]oleis
1790 1273 1850 1309 de-

342 1328 526 1366 victarum
555 1333 620 1365 aut
643 1328 682 1365 in
705 1329 813 1366 fidem
837 1334 1065 1376 receptarum
1091 1331 1135 1367 ab
1159 1342 1200 1368 eo
1225 1332 1277 1375 (C.
1306 1330 1457 1366 Caesare
1480 1330 1575 1376 Auq.
1600 1331 1643 1376 f.)
1672 1330 1850 1376 gentium.

343 1396 452 1432 super
476 1389 573 1428 eu1m
597 1388 737 1429 stlatua
760 1387 937 1432 pedestris
961 1388 1038 1424 eius
1061 1390 1124 1424 cet.
1152 1390 1216 1424 140
1230 1389 1260 1410 ³⁴

273 1453 380 1479 arcus
403 1453 486 1479 cum
509 1442 716 1479 simulacris
740 1454 865 1480 eorum
889 1444 1178 1490 (imperatorum)
1202 1445 1396 1491 tropaeisq.
1420 1445 1635 1488 deeorastus]
1661 1447 1727 1480 798

272 1509 378 1536 arcus
401 1509 484 1536 cum
506 1499 712 1545 insignibus
736 1501 922 1546 colo[niae]
948 1504 1036 1536 5570

272 1566 397 1593 arcum
420 1555 501 1592 fleri
524 1559 564 1592 et
586 1556 951 1602 statuasfluperponi
973 1557 1109 1602 inse(it)
1135 1560 1223 1593 5598

271 1669 377 1696 arcus
399 1658 547 1695 iunctus
572 1658 752 1704 Capitolio
775 1659 973 1696 Falco-ione
997 1662 1086 1696 5368

272 1714 335 1752 via
356 1715 483 1752 iuncta
505 1715 584 1751 foro
609 1715 654 1751 ab
678 1726 765 1752 arcu
788 1716 835 1752 ad
858 1727 982 1753 arcum
1008 1716 1131 1753 Ostiae
1155 1718 1241 1752 6147

271 1782 377 1809 arcus
400 1772 447 1808 ad
470 1771 755 1808 concludendum
779 1783 869 1818 opus
893 1773 1099 1819 porticuum
1124 1772 1364 1809 maximarum
1390 1774 1455 1807 781

272 1829 434 1876 porticus
458 1839 542 1865 cum
565 1839 652 1865 arcu
675 1840 751 1874 suo,
778 1840 871 1876 quae
894 1830 973 1867 foro
998 1830 1188 1866 ambiendo
1212 1830 1338 1865 deerat
1362 1831 1426 1864 637

272 1897 378 1923 arcus
401 1889 440 1923 et
465 1886 628 1932 porticus
651 1889 742 1922 7080
757 1887 829 1914 add.

271 1953 375 1980 areos
403 1943 535 1988 quibus
558 1953 729 1989 superum
753 1944 901 1989 ponitur
925 1954 1069 1979 camera
1092 1954 1202 1980 curva
1227 1945 1292 1978 835

275 2010 426 2037 arcuum
449 1999 588 2046 duplici
612 2000 812 2037 munitione
834 2000 982 2037 fulcivit
1011 2003 1100 2036 5715

273 2067 403 2094 arcuna
426 2067 510 2093 cum
533 2067 676 2093 camera
698 2057 846 2102 signina
878 2060 965 2093 5572

273 2158 380 2186 arcus
403 2149 534 2185 ductus
557 2158 676 2194 aquae
702 2148 869 2194 Virginis
893 2151 981 2192 205;
1018 2158 1123 2184 arcus
1147 2147 1234 2184 novi
1257 2148 1505 2192 aquaeductus
1536 2148 1624 2182 9368

134 2227 222 2254 area
244 2219 346 2254 2267.
371 2219 472 2254 3082.
497 2219 598 2253 3290.
623 2219 724 2253 3361.
749 2219 853 2253 4224.
869 2220 971 2253 4914.
997 2219 1097 2252 5347.
1116 2219 1216 2255 5920,
1235 2218 1339 2258 5937;
1366 2225 1471 2251 areae
1497 2217 1603 2257 59215
1627 2225 1732 2250 areas
1751 2213 1854 2250 urbis

203 2273 346 2311 Romae
368 2285 402 2310 v.
423 2284 511 2320 pay.
530 2274 622 2320 641;
649 2286 680 2310 v.
704 2276 894 2320 praeterea
917 2273 1021 2319 infra
1046 2274 1143 2309 inter
1165 2273 1330 2318 sepulcra

273 2341 360 2368 area
381 2334 470 2368 ante
492 2330 619 2367 aedem
643 2331 769 2379 Serapi
793 2330 941 2366 581715

273 2397 360 2425 area
381 2387 445 2424 ubi
468 2386 603 2424 viridia
625 2391 713 2424 sunt
743 2390 858 2424 5915a

273 2454 360 2482 area
382 2444 625 2481 frumentaria
648 2447 739 2482 3669

276 2512 363 2540 area
380 2501 527 2539 macelli
549 2507 670 2538 strata
695 2504 800 2546 5580;
836 2501 1029 2538 macellum
1053 2505 1092 2537 et
1115 2511 1201 2537 area
1224 2500 1301 2536 eius
1331 2502 1420 2535 5579

275 2569 381 2597 areae
397 2586 406 2594 .
423 2586 432 2596 .
449 2585 459 2595 .
476 2558 653 2602 [malcello
677 2558 804 2594 Liviae
830 2561 917 2594 5592

274 2626 362 2654 area
383 2615 536 2652 dimidia
556 2618 676 2652 strata
699 2618 788 2653 7132

274 2683 397 2711 aream
420 2673 659 2710 claudendam
683 2683 856 2709 curavere
882 2676 983 2717 5347,
1012 2682 1134 2709 aream
1157 2671 1389 2717 saepiendam
1413 2672 1626 2713 coenavere)
1652 2670 1740 2704 3298

275 2741 361 2768 area
384 2730 509 2767 clausa
531 2729 680 2767 veribus
704 2732 794 2765 4914

275 2787 453 2834 templum
476 2798 559 2824 cum
583 2797 670 2823 area
691 2790 781 2823 4452

276 2844 456 2882 dedicatio
479 2856 586 2881 areae
609 2846 699 2880 4914

275 2911 361 2940 area
383 2901 532 2949 privata
557 2904 672 2937 5396a

139 2982 273 3008 arena:
307 2969 443 3007 harena
465 2969 728 3016 amphitheatri
753 2972 853 3006 5633.
880 2972 967 3006 5634

276 3037 388 3064 arena
411 3030 450 3064 et
472 3026 621 3073 podium
648 3029 736 3062 5635

277 3084 393 3123 omnis
416 3083 581 3126 fabric[a]
606 3093 713 3119 arene
743 3086 830 3118 5632

344 3141 390 3188 cf.
416 3151 547 3178 caveae
573 3144 661 3176 5055
