2170 3458
377 245 477 283 LXX
1008 243 1198 279 Addenda.
1244 243 1365 287 Caput
1387 242 1449 277 IX.

378 360 416 392 et
431 357 550 402 cast).
564 376 609 382 -
631 359 666 397 4)
693 355 880 392 Tubicines
897 356 1028 400 (supra
1045 354 1091 391 N.
1109 355 1204 390 2354
1219 354 1422 398 cornicines,
1440 364 1515 389 non
1529 353 1796 399 corniculam,
1819 352 2076 400 intellegendos

378 423 450 448 esse
465 412 541 447 iam
557 411 821 456 confirmatur).
835 431 879 436 —
904 414 937 453 5)
954 411 1046 447 Piae
1062 410 1226 446 vindicis.
1239 430 1282 435 -
1308 413 1342 452 6)
1361 409 1524 454 Quorum
1538 409 1691 445 nomina
1703 409 1908 456 subscripta
1921 410 2017 447 sumt.
2029 429 2076 437 —-
2138 407 2141 427 ²

379 472 412 512 ’1)
440 468 547 514 Optio
571 467 759 513 (similiter
778 467 899 512 primo
922 467 1018 502 inter
1040 466 1236 502 cornicines
1260 465 1484 512 adscriptum
1507 467 1562 501 est
1583 469 1665 511 op.).
1691 485 1732 491 —
1769 467 1805 510 8)
1829 465 2006 513 Princeps
2021 466 2075 513 (ἓ)

378 545 423 551 -
447 527 482 568 9)
504 524 590 560 Duo
614 523 652 559 hi
675 523 828 559 redeunt
847 523 943 558 inter
967 523 1155 568 duplarios
1180 521 1329 567 leyionis
1353 521 1480 556 tertiae
1498 522 1693 568 Auyustae,
1720 521 1784 568 qui
1806 532 1905 558 anno
1921 521 1992 558 218
2011 530 2076 568 po·
2138 556 2140 560 ,

378 583 530 616 suerunt
557 580 703 615 titulum
731 590 846 624 supra
874 578 920 615 N.
945 580 1031 622 470,
1069 577 1251 622 adscripto
1281 577 1359 613 tub.
1396 597 1441 603 —
1479 581 1534 621 10)
1564 577 1671 614 Idem
1699 579 1744 614 ut
1768 577 1913 614 videtur
1940 577 1982 615 C.
2004 577 2075 614 1111.
2143 574 2149 606 ’ἶ

379 636 531 678 Victo[r]
557 636 633 671 tub.
657 637 728 680 leg.
752 635 809 670 III
832 635 933 679 Aug.
968 635 1073 669 VIII
1091 635 1194 669 2926.
1224 654 1268 660 —
1306 636 1360 677 11)
1384 633 1487 669 Haec
1509 635 1545 670 et
1564 646 1656 679 quae
1677 636 1879 680 seqmmtur
1899 634 2006 671 valde
2026 634 2076 673 ei-
2147 671 2155 679 ,μ

378 692 483 727 milia
506 694 594 727 sunt
615 691 764 727 decretis
793 690 935 736 (paullo
959 690 1235 736 antiquioribus,
1261 689 1336 725 nisi
1358 689 1491 736 fallor)
1519 690 1742 727 cornicinum
1761 701 1878 737 supra
1898 689 1948 728 N.
1971 691 2076 727 2354.
2124 732 2125 735 Ἴ
2149 689 2150 692 ’

378 768 424 775 -—
456 751 509 792 12)
532 748 695 784 Nomine.
737 767 777 772 ——
820 750 875 789 13)
908 747 964 791 Cf.
988 757 1102 791 supra
1125 745 1172 782 N.
1198 746 1292 780 2354
1314 747 1387 782 not.
1414 747 1447 781 5.
1486 766 1530 772 —
1573 749 1627 789 14)
1654 746 1712 792 Of.
1734 745 1824 783 ibid.
1846 748 1921 783 not.
1943 749 2000 784 11.
2030 768 2076 775 —
2146 758 2170 794 et}

382 807 435 846 15)
459 804 561 839 Haec
582 805 752 848 corrupta
776 815 800 838 a
823 802 1084 848 quadratario;
1108 801 1385 847 intelleyendum
1409 812 1502 837 esse:
1525 802 1729 847 statuimus,
1755 802 1903 839 coniecit
1925 802 2076 850 annat.
2156 795 2170 811 ¹

379 880 422 886 -—
449 863 502 903 16)
525 859 702 895 Missione
718 861 860 904 accepta
876 858 937 902 (in
953 858 1058 893 titulo
1072 858 1220 903 yemello
1237 857 1284 893 N.
1302 858 1399 893 2354
1415 868 1553 894 comma
1569 858 1632 894 hoc
1648 857 1820 904 brevius).
1834 878 1881 886 —
1905 860 1962 904 17)
1984 859 2076 896 Pro-
2167 857 2169 860 ⁴

377 916 504 960 fecerit
525 927 591 960 per
610 915 792 960 aradum?
815 914 981 960 (Caqnat
1008 913 1210 959 dubitans).
1236 935 1280 940 —-
1318 916 1372 957 18)
1397 913 1441 950 Si
1464 913 1527 959 qui
1550 914 1594 950 de
1616 914 1758 961 colleyis
1781 917 1944 951 &amare
1958 914 2078 970 1²59ss-
2155 893 2161 913 ἰ’

377 972 534 1007 ciscetur.
553 991 592 997 —
621 975 675 1013 19)
703 971 799 1016 Quid
821 970 944 1014 subsit,
971 970 1147 1006 incertum
1170 970 1289 1015 (lectio
1306 972 1402 1006 certa
1407 980 1421 1015 ‚⁰
1445 971 1556 1006 etiam
1576 981 1690 1016 supra
1714 969 1762 1007 N.
1777 970 1881 1006 2354
1901 969 2077 1016 scripum

377 1030 488 1063 est—
505 1027 634 1062 litteris
658 1038 701 1071 pe
725 1026 941 1072 contignatis
957 1047 1002 1052 —
1026 1037 1107 1062 eum
1130 1037 1234 1072 pers,
1259 1037 1341 1071 non,
1367 1029 1412 1062 ut
1432 1027 1568 1062 editum
1592 1028 1684 1070 erat,
1707 1037 1789 1062 cum
1812 1036 1865 1072 pr.
1889 1026 1948 1071 8.).

488 1117 599 1163 9097
640 1117 769 1173 impp.
794 1119 935 1162 anss.
968 1118 1014 1162 L.
1038 1118 1241 1174 Septimio
1267 1118 1424 1163 Severo
1445 1118 1522 1162 Pio
1544 1117 1755 1162 Pertinaci
1773 1118 1903 1163 Arab.
1922 1115 2075 1162 Adiab.
2154 1151 2164 1165 .-

378 1191 417 1229 et
436 1187 493 1229 M.
522 1185 526 1241 Ι
555 1185 727 1229 Aurelio
749 1185 958 1229 Antonino
980 1184 1245 1241 <Britannico
1266 1185 1495 1242 maximo>¹
1527 1186 1687 1242 Augg.²
1717 1190 1758 1229 et
1780 1183 1918 1230 Iuliae
1937 1185 2048 1240 Aug.
2068 1182 2076 1241 1
2130 1199 2167 1235 ἡ

378 1253 500 1296 matri
529 1254 640 1307 Aug.
671 1251 777 1308 <n.>³
806 1258 846 1296 et
875 1257 1008 1308 castr„
1045 1251 1177 1296 dedic.
1210 1253 1259 1305 Q.
1291 1252 1440 1297 Anicio
1470 1253 1627 1297 Fausto
1657 1250 1901 1305 consulari⁴,
1938 1265 2077 1296 armo-

379 1334 469 1363 rum
505 1319 509 1376 Ι
544 1320 760 1364 custodes⁵
790 1321 843 1363 ob
873 1318 1191 1364 sollemnitatem
1222 1320 1496 1364 decreverunt
1525 1334 1577 1364 ex
1606 1319 1731 1364 area‘
1761 1333 1841 1364 sua
1869 1318 2078 1364 veteranis

379 1386 452 1443 qui
482 1388 534 1430 de
563 1387 710 1431 eodem
741 1386 916 1443 collegio
948 1386 1204 1430 dimittentur
1229 1386 1235 1443 1
1261 1386 1427 1432 anulari
1455 1387 1515 1432 n.⁷
1544 1379 1723 1443 singulis
1741 1390 1783 1430 Ξ
1802 1386 1996 1432 millenos
2015 1385 2080 1444 <et

379 1454 658 1510 quingenos>⁸
689 1459 729 1498 et
758 1455 831 1510 qui
861 1455 917 1499 ad
945 1453 1181 1498 uberiorem
1211 1455 1351 1498 locum
1381 1468 1427 1499 se
1456 1454 1739 1499 transtulerint
1766 1453 1874 1510 sing.
1893 1457 1939 1496 Ξ
1963 1453 2078 1511 <mil-

378 1522 551 1579 lenos>⁹.
581 1532 809 1577 (Sequuntur
828 1545 894 1579 per
909 1533 1073 1579 paginas
1096 1543 1222 1568 novem
1246 1532 1423 1578 disposita
1445 1532 1596 1569 nomina
1618 1532 1747 1568 LXII
1752 1533 1799 1578 ¹⁰)

636 1591 666 1623 1.
1206 1591 1234 1624 2
1790 1590 1815 1624 3

438 1644 656 1689 Pomponius
680 1645 850 1681 Privatus
1076 1645 1245 1682 Valerius
1267 1645 1374 1681 Felix
1621 1644 1798 1682 Caecilius
1821 1645 1989 1691 Rogatus

435 1702 490 1745 (et
511 1700 589 1736 alia
610 1701 762 1737 nomina
783 1703 866 1746 sex)
1012 1703 1061 1744 (et
1084 1701 1161 1737 alia
1188 1701 1340 1737 nomina
1362 1712 1436 1745 sem,
1605 1696 1763 1737 Baebius
1787 1701 1961 1747 speratus
1972 1701 2001 1723 ²²

1143 1758 1185 1793 in
1207 1757 1302 1802 his):
1547 1757 1601 1802 (et
1622 1757 1700 1794 alia
1722 1756 1875 1794 nomina
1896 1757 2066 1804 quinque)

1017 1814 1087 1850 Iul.
1112 1814 1429 1850 Crescentianus1¹

633 1904 667 1939 4.
1213 1906 1246 1939 5.
1790 1904 1824 1938 6.

475 1958 610 1994 Marius
634 1959 831 1995 Domitian.
1051 1959 1167 1995 Iulius
1191 1959 1410 2004 Quintianus
1677 1958 1792 1995 Iulius
1815 1957 1943 1996 Victor

439 2015 491 2059 (et
513 2015 588 2050 alia
610 2016 762 2051 nomina
784 2027 860 2060 sex,
1018 2016 1075 2060 [et
1095 2016 1174 2052 alia
1195 2017 1347 2052 nomina
1368 2027 1439 2061 sem,
1591 2017 1646 2061 (et
1667 2015 1745 2052 alia
1766 2014 1919 2052 nomina
1939 2018 2022 2060 sex)

569 2071 611 2106 in
633 2072 730 2117 his).·
1151 2073 1194 2108 in
1216 2072 1315 2118 his).-

485 2127 642 2171 Figilius
666 2128 771 2163 Felix
781 2129 809 2150 ²³
1028 2129 1196 2164 Valerius
1220 2128 1326 2164 Felix
1349 2128 1425 2164 11¹⁴

640 2218 668 2252 7.
1210 2219 1245 2254 8.
1790 2218 1824 2252 9.

475 2272 649 2308 Vatinius
673 2273 822 2308 Fabian.
1050 2273 1184 2309 Fabius
1207 2273 1407 2318 Nampulus
1636 2272 1704 2308 Iul.
1728 2273 1974 2309 Andromacus

432 2329 491 2373 (et
511 2328 588 2363 alia
611 2329 762 2363 nomina
784 2329 865 2373 seoe)
1012 2330 1066 2373 (et
1086 2329 1164 2364 alia
1187 2329 1339 2364 nomina
1360 2330 1442 2374 sex)
1548 2329 1602 2372 (et
1623 2328 1700 2364 alia
1724 2328 1876 2365 nomina
1897 2325 2066 2375 auinaue)

1503 2384 1651 2429 Dedie.
1673 2385 1830 2430 Severo
1851 2390 1892 2429 et
1911 2384 2079 2430 Victo.¹⁵

493 2451 689 2488 Lambaesi
711 2451 752 2486 in
774 2451 969 2487 ruderibus
991 2454 1192 2488 castrorum
1217 2453 1366 2499 leyionis
1388 2464 1463 2498 rep.
1485 2464 1519 2488 a.
1535 2453 1632 2487 1901
1657 2452 1730 2488 loco
1745 2452 1894 2498 antiquo
1918 2451 2082 2498 (Caynat

383 2509 547 2553 Uomptes
562 2508 698 2543 rendus
721 2507 764 2542 de
781 2507 920 2542 l’Acad.
937 2507 998 2543 des
1014 2507 1122 2543 inser.
1138 2510 1235 2544 1901
1251 2521 1293 2553 p.
1314 2510 1390 2544 629
1401 2519 1489 2554 seq.;
1521 2507 1620 2544 Gsell
1644 2508 1729 2545 bull.
1747 2509 1799 2545 du
1817 2507 1962 2545 Comite'
1975 2509 2080 2544 1902

379 2575 415 2609 p.
429 2565 532 2608 323).
556 2584 601 2590 —
639 2566 669 2607 1)
698 2563 798 2608 Quae
819 2563 923 2599 uncis
945 2563 1086 2600 inclusa
1108 2567 1204 2610 sunt,
1230 2565 1398 2610 leguntur
1419 2565 1461 2600 in
1485 2564 1607 2611 litura,
1631 2565 1790 2610 reposita
1810 2565 1853 2601 in
1876 2565 1994 2611 locum
2014 2575 2078 2601 no-

381 2620 492 2656 minis
527 2620 646 2656 Getae.
681 2642 726 2647 —
761 2622 796 2662 2)
819 2619 961 2655 Fuerat
981 2620 1154 2665 Auggg.‚
1190 2621 1232 2656 in
1267 2621 1382 2657 locum
1417 2620 1543 2656 tertiae
1576 2622 1626 2667 g]
1636 2621 1834 2658 substituta
1867 2620 2011 2658 hedera.
2034 2641 2079 2647 —

382 2679 416 2718 3)
442 2676 498 2721 Of.
522 2678 594 2712 not.
612 2679 654 2722 1;
674 2677 800 2721 fuerat
819 2697 865 2702 —
887 2676 926 2720 4)
952 2676 1008 2721 Of.
1031 2687 1146 2721 supra
1169 2676 1216 2713 N.
1233 2678 1346 2712 2438.
1382 2676 1593 2712 Consularis
1615 2679 1706 2713 recte
1729 2677 1863 2713 dicitur
1885 2677 2015 2723 Augg.
2038 2677 2080 2712 in

382 2732 487 2768 titulo
503 2732 625 2777 posito
655 2743 752 2767 anno
775 2734 859 2767 200
888 2733 973 2774 (vid.
996 2732 1100 2778 infra
1122 2735 1195 2769 not.
1218 2734 1288 2777 15).
1336 2732 1536 2768 Numidiae
1565 2744 1647 2768 eum
1666 2733 1878 2779 praefuisse
1904 2743 2016 2778 usque
2038 2732 2080 2769 in

381 2798 519 2823 annum
542 2790 742 2833 sequentem
765 2790 921 2833 apparet
941 2800 986 2824 eae
1007 2789 1114 2825 VIII
1123 2790 1265 2824 10902.
1292 2809 1332 2814 -
1359 2791 1392 2831 5)
1417 2789 1560 2824 Scilicet
1574 2789 1724 2835 leqionis
1740 2789 1867 2826 tertiae
1882 2790 2078 2836 Amatae.

381 2844 497 2880 Plane
525 2845 646 2880 eodem
679 2845 762 2887 loco,
799 2855 867 2889 quo
899 2844 965 2890 hic,
999 2847 1163 2890 repertus
1192 2846 1246 2880 est
1273 2844 1402 2880 titulus
1430 2844 1619 2880 Minervae
1650 2845 1837 2882 dedicatus
1861 2857 1935 2892 pro
1962 2846 2081 2882 salute

382 2900 588 2936 Alexandri
610 2902 646 2936 et
665 2900 797 2936 matris
819 2901 895 2936 eius
918 2903 954 2936 et
974 2900 1079 2936 aviae
1102 2900 1148 2936 ab
1165 2911 1353 2936 armorum
1366 2901 1571 2936 custodibus
1590 2901 1739 2947 leyionis
1756 2902 1880 2938 tertiae
1895 2902 2080 2948 Auoustae
2149 2919 2155 2926 .

382 2958 429 3002 (c.
451 2968 481 2992 r.
507 2957 529 2991 l.
545 2968 574 2992 c.
591 2968 633 3001 p.
652 2957 722 2992 631
735 2960 818 3009 seq.)
826 2967 840 3001 ,¹
869 2957 911 2992 in
934 2957 1054 2993 eodem
1078 2957 1200 3002 lapide
1223 2956 1352 2993 titulus
1374 2957 1419 2992 ab
1442 2957 1572 2993 iisdem
1595 2957 1782 2994 Minervae
1805 2958 1993 2995 dedicatus
2006 2968 2080 3004 pro

381 3012 498 3048 salute
525 3011 695 3048 Gallieni.
741 3012 800 3048 De
826 3023 1014 3048 armorwm
1046 3013 1254 3049 custodibus
1283 3024 1397 3058 supra
1425 3014 1475 3048 N.
1498 3014 1602 3048 2356
1616 3025 1688 3058 seq.
1728 3034 1774 3040 -—
1812 3017 1846 3059 6)
1879 3014 1936 3060 C'f.
1965 3025 2080 3060 supra

381 3067 429 3104 N.
447 3068 559 3103 2397.
584 3069 700 3103 2438.
724 3089 769 3094 --
792 3071 826 3112 7)
852 3069 909 3113 Cf.
932 3080 1046 3115 supra
1068 3069 1116 3105 N.
1133 3070 1238 3105 2438
1256 3071 1330 3105 not.
1353 3070 1382 3104 7.
1406 3090 1451 3095 -
1478 3072 1512 3121 8)
1536 3074 1575 3106 et
1598 3071 1796 3116 quingenos
1816 3072 1944 3116 postea
1965 3080 2081 3116 supra

382 3123 517 3160 lineam
538 3123 738 3169 intrusum,
780 3128 814 3168 9)
837 3125 1002 3161 millenos
1024 3125 1232 3161 restitutum
1255 3125 1297 3161 in
1321 3126 1435 3161 locwm
1457 3125 1622 3162 vocabuli
1644 3126 1699 3162 vel
1721 3126 1866 3162 numeri
1888 3126 1996 3163 erasi.
2029 3125 2082 3162 In
2153 3169 2157 3173 ,
