2170 3458
401 271 550 311 CXLIV
1013 274 1196 311 Addenda.
1243 273 1362 319 caput
1384 273 1483 309 XVI.

513 386 628 432 9440
685 387 725 430 (1.
761 390 832 431 m.¹
876 392 916 431 et
954 386 1182 431 memoriae
1219 390 1412 430 aeternae
1453 386 1458 441 Ι
1500 386 1545 431 O.
1577 385 1703 430 Marti
1731 386 1872 431 Valeri
1908 386 1982 443 qui
2018 391 2058 432 et
2090 387 2099 446 Ι

405 453 574 500 Vivent-i
603 469 715 499 vano
746 454 894 510 signo²
927 458 934 507 Ι
970 452 1308 510 cognominatus,
1347 451 1536 510 anilmae
1564 452 1940 510 innocentissilmae
1967 458 2009 499 et
2035 453 2100 499 in·
2156 506 2158 510 ‚

400 522 506 566 fanti
535 521 790 578 dulcislsimo
829 527 868 565 et
898 519 1291 576 desiderantissilmo
1328 534 1414 565 non
1443 522 1579 565 solum
1609 535 1638 566 a
1665 521 1919 579 parenltibus
1956 521 2033 567 sed
2060 527 2101 567 et
2158 552 2159 556 =

400 590 455 634 ab
475 588 635 644 amicis,
659 588 731 645 qui
758 588 763 645 Ι
790 587 1058 633 amissionem
1079 586 1186 631 eiius
1201 592 1279 637 (sic)
1303 587 1526 645 flagiltant,
1557 603 1597 645 q.
1619 589 1724 633 vixit
1742 588 1866 634 annis
1887 589 1944 633 VI
1969 588 1976 646 Ι
2002 604 2057 634 m.
2077 591 2100 635 I
2156 597 2158 600 ’

400 657 441 700 (1.
471 657 515 700 X
557 661 604 700 ut
632 655 771 700 subita
799 653 1069 712 valetudin[e]
1111 657 1118 709 Ι
1158 653 1211 699 sit
1239 656 1447 711 abreptus,
1492 656 1537 701 G.
1570 658 1747 702 Martius
1788 657 1793 713 Ι
1833 657 2025 702 Toutedo
2060 662 2101 702 et

401 725 619 768 Mercator.
625 725 640 746 ³
681 724 686 778 Ι
726 723 913 767 Ateurita
940 726 1133 777 parentes
1171 721 1407 779 milserrimi
1435 724 1591 769 amisso
1619 723 1710 769 filio
1752 723 1758 782 Ι
1794 724 1920 770 fecer.
1951 729 1992 770 et
2019 724 2100 770 sibi

400 791 489 835 vivi
517 790 759 847 posuelrunt
793 796 832 835 et
861 791 940 834 sub
971 788 1087 834 ascia
1117 788 1448 846 dedikalverunt.
1507 792 1623 836 Bene
1652 793 1766 846 vale,
1794 791 1800 849 Ι
1835 792 1979 838 anima
2007 793 2098 837 dul·

398 857 688 971 cissiffizydum
714 925 756 959 in
780 923 865 960 colle
887 922 1086 959 Fourviere
1114 934 1188 969 rep.
1221 923 1358 966 (Fabia
1387 927 1543 970 comples
1565 926 1701 962 rendae
1723 925 1767 962 de
1794 925 1934 963 l'Acad.
1957 925 2020 963 des
2041 926 2098 963 in·

398 993 467 1018 scr.
483 982 573 1017 1911
588 992 623 1027 p.
640 982 742 1025 432).
766 999 810 1006 -
837 982 869 1023 1)
898 980 931 1015 (1.
956 991 981 1016 a
996 979 1164 1025 sinistra,
1201 991 1247 1016 m.
1272 992 1296 1016 a
1320 981 1461 1018 dextra.
1486 1002 1531 1008 —
1554 984 1589 1025 2)
1614 982 1674 1029 Cf.
1697 982 1746 1019 N.
1764 983 1876 1019 8021.
1895 983 2001 1018 9022
2015 994 2048 1019 v.
2069 983 2097 1020 7.

397 1058 442 1064 —
466 1038 502 1082 3)
525 1035 758 1073 Mercatoria.

507 1150 620 1195 9441
671 1151 710 1195 d.
742 1166 798 1194 m.
826 1150 832 1207 Ι
860 1151 1097 1207 Euhelpisti
1126 1151 1197 1196 lib.
1230 1151 1303 1207 qui
1334 1157 1373 1196 et
1401 1153 1561 1209 Manes,
1597 1152 1702 1197 vixit
1729 1152 1852 1198 annis
1879 1154 2051 1198 XXVII
2086 1153 2094 1233 Ι
2152 1189 2154 1198 J

397 1233 528 1263 mens.
559 1219 653 1262 IlII
684 1218 792 1262 dieb.
822 1219 901 1274 XI,

667 1286 881 1343 florenltes
909 1300 1044 1331 annos
1073 1300 1187 1330 mors
1216 1285 1356 1331 subita
1380 1286 1387 1344 Ι
1413 1287 1575 1344 eripuit,

397 1354 540 1398 anima
575 1352 948 1410 innolcentissima‚
986 1367 1110 1409 quem
1145 1356 1151 1407 Ι
1187 1354 1340 1398 medici
1368 1359 1562 1399 secarunt
1587 1354 1593 1412 Ι
1628 1359 1668 1398 et
1696 1353 1938 1400 occiderunt
1947 1357 1972 1400 ¹.
2004 1355 2012 1413 Ι
2045 1356 2093 1400 P.

399 1421 545 1465 Aelius
575 1423 685 1477 Aug.
716 1421 787 1465 lib.
818 1419 1050 1465 Peculiaris
1076 1420 1081 1476 Ι
1108 1422 1279 1466 alumno
1310 1436 1400 1466 suo.
1920 1477 1921 1480 Ἰ

509 1489 629 1534 Prope
652 1488 811 1524 Romam
836 1490 939 1524 trans
955 1490 1107 1533 pontem
1129 1487 1301 1524 Milvium
1336 1500 1409 1534 rep.
1447 1488 1608 1534 (Notizie
1633 1489 1728 1535 deqli
1750 1489 1851 1526 ecavi
1870 1490 1960 1527 1911
1975 1502 2019 1536 p.
2046 1490 2096 1527 68
2164 1498 2166 1504 ·

393 1556 430 1582 n.
447 1546 493 1590 1).
516 1565 560 1570 —-
587 1548 619 1587 1)
647 1544 703 1590 Cf.
729 1544 878 1581 titulum
901 1544 1211 1580 Nicomediensem
1233 1544 1311 1580 III
1331 1544 1368 1581 S.
1385 1546 1528 1581 14188:
1550 1545 1712 1591 precisus
1735 1556 1758 1581 a
1781 1545 1917 1582 medico
1938 1564 1978 1578 -ι
2006 1559 2094 1595 τμη·
2165 1557 2168 1559 ’

393 1598 455 1665 {924-
477 1600 553 1639 ὑπὸ
578 1602 723 1647 ἰατροῦ.

506 1715 620 1761 9442
650 1726 710 1772 (in
732 1726 828 1762 sima
844 1726 970 1771 partis
993 1725 1183 1770 adversae)
1213 1715 1324 1759 have
1352 1715 1567 1771 Eugami¹,
1597 1715 1841 1760 dulcissima
1869 1715 2001 1762 inias!
2037 1722 2095 1768 (in

393 1794 517 1831 media
539 1794 676 1839 fronte)
703 1783 822 1841 cyria
841 1783 990 1827 chaere
1010 1781 1177 1826 Iuliane
1189 1783 1225 1825 ²!
1251 1782 1256 1839 Ι
1283 1782 1431 1827 Sosiae
1450 1782 1642 1828 Iulianae
1660 1783 1777 1828 filiae
1797 1783 2094 1842 dulcislsimae,

396 1866 507 1907 quae
536 1851 622 1895 vix.
654 1866 752 1895 ann.
784 1852 875 1895 IIX
903 1865 959 1894 m.
988 1850 1049 1893 IV
1079 1851 1118 1893 d.
1144 1851 1337 1904 XXVII,
1375 1852 1381 1905 Ι
1421 1855 1460 1894 et
1497 1850 1706 1896 Tetratiae
1735 1851 1867 1896 Isiadi
1907 1852 2049 1909 coiugi
2082 1852 2090 1911 Ι

393 1918 660 1972 castissimae,
692 1919 813 1962 matri
843 1919 944 1975 eius,
972 1918 977 1973 Ι
1005 1918 1048 1963 G.
1070 1916 1218 1962 Sosius
1246 1917 1439 1962 Iulianus
1469 1917 1594 1963 vivus
1623 1933 1662 1975 p.
1693 1931 1732 1972 (a
1755 1929 1884 1966 dextra
1907 1929 2010 1966 homo
2033 1941 2093 1966 vo.

394 1987 517 2022 lwmen
539 1985 755 2030 inscriptum
779 1985 950 2021 manibus
975 1987 1108 2028 tenens,
1132 1996 1157 2020 a
1178 1985 1331 2021 sinistra
1355 1985 1496 2030 femina
1513 1985 1699 2031 psallen8;
1723 1987 1800 2022 tam
1814 1985 1897 2022 huic
1910 1997 2020 2031 quam
2035 1986 2095 2023 illi

391 2044 630 2095 ,superscripti
659 2041 790 2078 litteris
813 2041 962 2077 Latinis
992 2041 1100 2077 multi
1127 2053 1251 2077 versus
1279 2041 1424 2087 Graeci,
1459 2042 1622 2078 nondam
1645 2042 1751 2088 plene
1775 2042 1864 2079 lecti.
1909 2041 1961 2078 In
1983 2042 2092 2078 latere

392 2110 542 2146 sinistro
558 2109 771 2155 sarcophagi
780 2119 793 2146 .·
811 2110 953 2155 femina
968 2110 1094 2145 sedens
1109 2109 1151 2145 in
1166 2109 1338 2146 cathedra
1343 2120 1358 2155 ,·
1380 2110 1421 2145 in
1436 2110 1532 2146 sima
1547 2110 1741 2155 scriptum)
1766 2099 1985 2156 Memphi⁸.
2022 2103 2092 2150 (In

393 2166 506 2202 latere
530 2166 657 2202 dextro
679 2166 910 2212 sarcophagi:
939 2166 1063 2202 eadem
1085 2168 1127 2202 ut
1148 2166 1290 2202 videtur
1310 2166 1451 2211 femina
1472 2167 1514 2202 in
1536 2167 1626 2202 sella
1647 2168 1791 2213 eedem‚·
1811 2177 1932 2203 coram
1953 2177 1998 2202 ea
2018 2168 2094 2208 stat

392 2233 564 2278 medicus,
589 2233 729 2269 oculum
751 2236 795 2269 ut
815 2234 958 2269 videtur
981 2235 1057 2270 ciue
1080 2245 1236 2280 curan8;
1267 2233 1309 2269 in
1331 2233 1427 2269 sima
1448 2234 1639 2280 scriptum)
1677 2223 1887 2280 Memphi³
1908 2246 1965 2255 —-
1995 2225 2090 2268 Gle-

392 2290 508 2346 gori⁴
529 2295 627 2340 (82⁶0)-
673 2300 742 2345 (In
759 2303 869 2345 parte
891 2312 1018 2337 aversa
1045 2301 1294 2348 sarcophaqi):
1333 2289 1451 2348 (tyria
1487 2292 1638 2335 chaere
1673 2291 1857 2336 Iuliane!
1897 2291 1904 2347 Ι
1943 2291 2090 2337 Sosiae

392 2357 585 2402 Iulianae
615 2370 669 2413 (et
689 2368 829 2413 reliqua
851 2380 942 2413 quae
964 2373 1104 2413 supra).

503 2436 701 2472 Ravennae
716 2448 791 2481 rep.
808 2436 856 2471 irc
865 2436 1009 2472 ecclesia
1026 2438 1063 2473 S.
1087 2436 1238 2473 Victoris
1255 2436 1471 2479 (Amaducei
1493 2436 1675 2473 bollettino
1693 2437 1809 2473 d'arte
1825 2436 1882 2473 del
1895 2435 2088 2474 Ministero

389 2493 488 2529 della
496 2493 624 2537 pubbl.
636 2493 834 2528 istrueiorle
850 2494 953 2528 1907
964 2494 1053 2537 fase.
1066 2493 1095 2529 Ι
1099 2493 1157 2538 V).
1173 2514 1213 2520 —
1235 2496 1266 2536 1)
1284 2493 1437 2539 Signum
1450 2496 1494 2529 ut
1505 2494 1647 2529 videtur
1657 2493 1840 2529 Iulianae.
1853 2512 1895 2519 —
1913 2496 1946 2536 2)
1964 2494 2087 2540 Κυρία

387 2556 500 2596 χαῖρε
526 2546 713 2596 Ἰουλιανή.
743 2569 787 2575 --
816 2552 849 2592 3)
874 2549 1028 2595 Signum
1051 2552 1095 2585 ut
1115 2550 1258 2586 videtur
1279 2550 1436 2592 Isiadis,
1475 2553 1509 2594 4)
1532 2550 1678 2596 siynwm
1700 2549 1838 2586 medici.

501 2662 616 2707 9443
675 2663 715 2706 (1.
748 2678 802 2706 m.
845 2662 851 2720 Ι
893 2663 1096 2720 Ortygiae
1140 2668 1179 2706 et
1218 2663 1224 2720 Ι
1264 2664 1518 2707 Arethusae¹
1563 2662 1840 2720 gelmellabus
1869 2661 2087 2720 Galelstria

389 2731 620 2786 Evangelis
647 2731 652 2785 Ι
678 2730 849 2774 filiabus
878 2731 987 2786 fecit,
1022 2731 1095 2774 vix
1124 2746 1221 2775 ann.
1243 2732 1351 2774 XXI
1382 2745 1511 2775 mens.
1533 2732 1612 2786 X2,
1641 2730 1647 2788 Ι
1673 2730 1734 2774 itu
1761 2731 1921 2775 ambitu
1952 2764 1962 2773 .
1984 2764 1996 2775 .
2017 2764 2028 2775 .

500 2797 642 2833 Romae
673 2808 759 2841 rep.,
794 2797 890 2832 inter
918 2799 1044 2842 portas
1074 2798 1112 2833 S.
1137 2797 1331 2833 Laurentii
1354 2800 1389 2833 et
1409 2797 1588 2833 Maiorem
1622 2796 1750 2842 (Gatti
1777 2796 1878 2832 Bull-
1900 2795 2086 2832 oomwnak

386 2855 476 2890 1911
502 2866 539 2899 p.
564 2855 665 2898 210).
702 2873 742 2878 -
786 2856 816 2895 1)
841 2853 876 2888 Α
901 2853 986 2888 locis
1017 2853 1252 2889 celeberrimis
1281 2853 1384 2888 urbis
1409 2853 1664 2899 Syracusanae
1691 2852 1842 2889 nomina
1862 2851 2000 2897 puellis
2028 2852 2086 2888 hie

386 2910 570 2956 imposita.
592 2930 638 2935 —-
661 2913 696 2951 2)
722 2910 887 2945 Aetatem
910 2910 1040 2944 matris
1062 2909 1264 2954 significari
1285 2911 1394 2954 putat
1416 2909 1530 2946 Gatti.
