<?xml version="1.0" encoding="UTF-8"?>
<!DOCTYPE html PUBLIC "-//W3C//DTD XHTML 1.0 Transitional//EN"
    "http://www.w3.org/TR/xhtml1/DTD/xhtml1-transitional.dtd">
<html xmlns="http://www.w3.org/1999/xhtml" xml:lang="en" lang="en">
 <head>
  <title>
</title>
<meta http-equiv="Content-Type" content="text/html;charset=utf-8" />
  <meta name='ocr-system' content='tesseract 3.04.00' />
  <meta name='ocr-capabilities' content='ocr_page ocr_carea ocr_par ocr_line ocrx_word'/>
</head>
<body>
  <div class='ocr_page' id='page_1' title='image "./inscriptioneslat03dessuoft_0058.png"; bbox 0 0 2170 3458; ppageno 0'>
   <div class='ocr_carea' id='block_1_1' title="bbox 399 270 1465 316">
    <p class='ocr_par' dir='ltr' id='par_1_1' title="bbox 399 270 1465 316">
     <span class='ocr_line' id='line_1_1' title="bbox 399 270 1465 316; baseline -0.005 -5"><span class='ocrx_word' id='word_1_1' title='bbox 399 275 481 311; x_wconf 92' lang='lat' dir='ltr'><strong><em>LIV</em></strong></span> <span class='ocrx_word' id='word_1_2' title='bbox 1021 271 1212 308; x_wconf 85' lang='lat' dir='ltr'><strong><em>Addenda.</em></strong></span> <span class='ocrx_word' id='word_1_3' title='bbox 1259 271 1380 316; x_wconf 85' lang='lat' dir='ltr'><strong><em>Caput</em></strong></span> <span class='ocrx_word' id='word_1_4' title='bbox 1402 270 1465 306; x_wconf 90' lang='lat' dir='ltr'><strong><em>IX.</em></strong></span> 
     </span>
    </p>
   </div>
   <div class='ocr_carea' id='block_1_2' title="bbox 2057 0 2170 373">
    <p class='ocr_par' dir='ltr' id='par_1_2' title="bbox 2057 0 2170 373">
     <span class='ocr_line' id='line_1_2' title="bbox 2057 0 2170 373; baseline 0 3085"><span class='ocrx_word' id='word_1_5' title='bbox 2057 0 2170 373; x_wconf 95' lang='lat' dir='ltr'><strong><em> </em></strong></span> 
     </span>
    </p>
   </div>
   <div class='ocr_carea' id='block_1_3' title="bbox 399 379 2170 598">
    <p class='ocr_par' dir='ltr' id='par_1_3' title="bbox 399 372 2170 607">
     <span class='ocr_line' id='line_1_3' title="bbox 400 379 2170 436; baseline -0.005 -13"><span class='ocrx_word' id='word_1_6' title='bbox 400 387 566 436; x_wconf 80' lang='lat' dir='ltr'><strong><em>quando</em></strong></span> <span class='ocrx_word' id='word_1_7' title='bbox 582 388 723 432; x_wconf 86' lang='lat' dir='ltr'><strong><em>partem</em></strong></span> <span class='ocrx_word' id='word_1_8' title='bbox 757 386 930 422; x_wconf 77' lang='lat' dir='ltr'><strong><em>eaeereitus</em></strong></span> <span class='ocrx_word' id='word_1_9' title='bbox 957 384 1167 421; x_wconf 81' lang='lat' dir='ltr'><strong><em>Germanici</em></strong></span> <span class='ocrx_word' id='word_1_10' title='bbox 1201 383 1353 429; x_wconf 82' lang='lat' dir='ltr'><strong><em>effecisse</em></strong></span> <span class='ocrx_word' id='word_1_11' title='bbox 1386 393 1460 418; x_wconf 91' lang='lat' dir='ltr'><strong><em>non</em></strong></span> <span class='ocrx_word' id='word_1_12' title='bbox 1495 390 1719 418; x_wconf 72' lang='lat' dir='ltr'><strong><em>noveramus.</em></strong></span> <span class='ocrx_word' id='word_1_13' title='bbox 1754 399 1800 406; x_wconf 92' lang='grc'><strong><em>--</em></strong></span> <span class='ocrx_word' id='word_1_14' title='bbox 1835 382 1869 423; x_wconf 89' lang='grc'><strong><em>9)</em></strong></span> <span class='ocrx_word' id='word_1_15' title='bbox 1896 379 1954 426; x_wconf 79' lang='grc' dir='ltr'><strong><em>ΟΓ.</em></strong></span> <span class='ocrx_word' id='word_1_16' title='bbox 1976 389 2090 427; x_wconf 74' lang='lat' dir='ltr'><strong><em>cupra</em></strong></span> <span class='ocrx_word' id='word_1_17' title='bbox 2155 386 2170 425; x_wconf 70' lang='grc' dir='ltr'><strong>ς</strong></span> 
     </span>
     <span class='ocr_line' id='line_1_4' title="bbox 399 429 2168 485; baseline -0.004 -7"><span class='ocrx_word' id='word_1_18' title='bbox 399 443 446 479; x_wconf 90' lang='grc' dir='ltr'><strong><em>Ν.</em></strong></span> <span class='ocrx_word' id='word_1_19' title='bbox 463 431 579 479; x_wconf 92' lang='grc'><em>2502.</em></span> <span class='ocrx_word' id='word_1_20' title='bbox 603 443 713 478; x_wconf 80' lang='grc'><em>4743.</em></span> <span class='ocrx_word' id='word_1_21' title='bbox 736 462 781 467; x_wconf 94' lang='grc'>-</span> <span class='ocrx_word' id='word_1_22' title='bbox 807 445 861 485; x_wconf 93' lang='grc'><strong><em>10)</em></strong></span> <span class='ocrx_word' id='word_1_23' title='bbox 888 441 1019 477; x_wconf 80' lang='lat' dir='ltr'><em>Cohors</em></span> <span class='ocrx_word' id='word_1_24' title='bbox 1041 440 1126 476; x_wconf 85' lang='lat' dir='ltr'><strong><em>haec</em></strong></span> <span class='ocrx_word' id='word_1_25' title='bbox 1149 450 1245 475; x_wconf 90' lang='lat' dir='ltr'><strong><em>anno</em></strong></span> <span class='ocrx_word' id='word_1_26' title='bbox 1269 441 1343 475; x_wconf 88' lang='grc'><strong><em>158</em></strong></span> <span class='ocrx_word' id='word_1_27' title='bbox 1367 437 1517 474; x_wconf 85' lang='lat' dir='ltr'><strong><em>tetendit</em></strong></span> <span class='ocrx_word' id='word_1_28' title='bbox 1537 436 1734 483; x_wconf 73' lang='lat' dir='ltr'><strong><em>Riqomayi</em></strong></span> <span class='ocrx_word' id='word_1_29' title='bbox 1756 435 1891 482; x_wconf 83' lang='lat' dir='ltr'><strong><em>(XIII</em></strong></span> <span class='ocrx_word' id='word_1_30' title='bbox 1912 436 2017 481; x_wconf 76' lang='lat'><strong><em>7796,</em></strong></span> <span class='ocrx_word' id='word_1_31' title='bbox 2042 435 2090 481; x_wconf 81' lang='lat' dir='ltr'><strong><em>cf.</em></strong></span> <span class='ocrx_word' id='word_1_32' title='bbox 2157 429 2168 482; x_wconf 55' lang='grc' dir='ltr'><strong><em>ἶ</em></strong></span> 
     </span>
     <span class='ocr_line' id='line_1_5' title="bbox 399 491 2092 544; baseline -0.002 -10"><span class='ocrx_word' id='word_1_33' title='bbox 399 499 503 544; x_wconf 84' lang='lat' dir='ltr'><strong><em>infra</em></strong></span> <span class='ocrx_word' id='word_1_34' title='bbox 519 499 569 534; x_wconf 90' lang='lat' dir='ltr'><strong><em>ad</em></strong></span> <span class='ocrx_word' id='word_1_35' title='bbox 585 497 699 533; x_wconf 87' lang='lat' dir='ltr'><strong><em>XIII</em></strong></span> <span class='ocrx_word' id='word_1_36' title='bbox 714 499 841 542; x_wconf 80' lang='lat'><em>7800).</em></span> <span class='ocrx_word' id='word_1_37' title='bbox 866 518 910 523; x_wconf 98' lang='lat'><strong>—</strong></span> <span class='ocrx_word' id='word_1_38' title='bbox 936 500 989 539; x_wconf 89' lang='lat'><strong><em>11)</em></strong></span> <span class='ocrx_word' id='word_1_39' title='bbox 1013 496 1184 541; x_wconf 67' lang='lat' dir='ltr'><strong><em>Intellege</em></strong></span> <span class='ocrx_word' id='word_1_40' title='bbox 1204 494 1443 531; x_wconf 77' lang='lat' dir='ltr'><strong><em>Germaniam</em></strong></span> <span class='ocrx_word' id='word_1_41' title='bbox 1464 493 1675 540; x_wconf 79' lang='lat' dir='ltr'><strong><em>inferiorem</em></strong></span> <span class='ocrx_word' id='word_1_42' title='bbox 1697 492 1879 535; x_wconf 77' lang='lat' dir='ltr'><strong><em>(similiter</em></strong></span> <span class='ocrx_word' id='word_1_43' title='bbox 1892 491 2092 539; x_wconf 68' lang='lat' dir='ltr'><strong><em>superioris</em></strong></span> 
     </span>
     <span class='ocr_line' id='line_1_6' title="bbox 399 548 2167 598; baseline -0.005 -7"><span class='ocrx_word' id='word_1_44' title='bbox 399 555 609 591; x_wconf 84' lang='lat' dir='ltr'><strong><em>vocabulum</em></strong></span> <span class='ocrx_word' id='word_1_45' title='bbox 632 554 803 590; x_wconf 88' lang='lat' dir='ltr'><strong><em>omissum</em></strong></span> <span class='ocrx_word' id='word_1_46' title='bbox 826 554 868 590; x_wconf 88' lang='lat' dir='ltr'><strong><em>in</em></strong></span> <span class='ocrx_word' id='word_1_47' title='bbox 891 553 1086 598; x_wconf 76' lang='lat' dir='ltr'><strong><em>diplomate</em></strong></span> <span class='ocrx_word' id='word_1_48' title='bbox 1109 551 1201 587; x_wconf 90' lang='lat' dir='ltr'><strong><em>anni</em></strong></span> <span class='ocrx_word' id='word_1_49' title='bbox 1226 553 1287 597; x_wconf 83' lang='lat'><strong><em>82,</em></strong></span> <span class='ocrx_word' id='word_1_50' title='bbox 1311 561 1424 596; x_wconf 90' lang='lat' dir='ltr'><strong><em>supra</em></strong></span> <span class='ocrx_word' id='word_1_51' title='bbox 1447 549 1494 586; x_wconf 97' lang='grc' dir='ltr'><strong><em>Ν.</em></strong></span> <span class='ocrx_word' id='word_1_52' title='bbox 1511 550 1611 585; x_wconf 88' lang='lat'><em>1995</em></span> <span class='ocrx_word' id='word_1_53' title='bbox 1624 559 1705 585; x_wconf 89' lang='lat' dir='ltr'><strong><em>cum</em></strong></span> <span class='ocrx_word' id='word_1_54' title='bbox 1719 550 1793 586; x_wconf 88' lang='lat' dir='ltr'><strong><em>not.</em></strong></span> <span class='ocrx_word' id='word_1_55' title='bbox 1804 549 1920 593; x_wconf 89' lang='grc'><strong><em>4).-</em></strong></span> <span class='ocrx_word' id='word_1_56' title='bbox 1949 550 2004 592; x_wconf 84' lang='grc'><strong><em>12)</em></strong></span> <span class='ocrx_word' id='word_1_57' title='bbox 2026 548 2094 584; x_wconf 85' lang='lat' dir='ltr'><strong><em>Est</em></strong></span> <span class='ocrx_word' id='word_1_58' title='bbox 2162 557 2167 570; x_wconf 99' lang='lat'><strong>⁴</strong></span> 
     </span>
    </p>
   </div>
   <div class='ocr_carea' id='block_1_4' title="bbox 401 604 2090 711">
    <p class='ocr_par' dir='ltr' id='par_1_4' title="bbox 401 604 2090 711">
     <span class='ocr_line' id='line_1_7' title="bbox 401 604 2090 654; baseline -0.005 -7"><span class='ocrx_word' id='word_1_59' title='bbox 401 612 438 647; x_wconf 82' lang='grc'><strong><em>0.</em></strong></span> <span class='ocrx_word' id='word_1_60' title='bbox 463 610 627 647; x_wconf 79' lang='lat' dir='ltr'><strong><em>Rutilius</em></strong></span> <span class='ocrx_word' id='word_1_61' title='bbox 654 610 817 646; x_wconf 88' lang='lat' dir='ltr'><strong><em>Gallicus</em></strong></span> <span class='ocrx_word' id='word_1_62' title='bbox 839 621 953 654; x_wconf 89' lang='lat' dir='ltr'><strong><em>supra</em></strong></span> <span class='ocrx_word' id='word_1_63' title='bbox 975 609 1022 645; x_wconf 91' lang='lat' dir='ltr'><strong><em>N.</em></strong></span> <span class='ocrx_word' id='word_1_64' title='bbox 1039 610 1149 644; x_wconf 84' lang='lat'><em>1007.</em></span> <span class='ocrx_word' id='word_1_65' title='bbox 1174 608 1288 643; x_wconf 85' lang='lat'><em>1008.</em></span> <span class='ocrx_word' id='word_1_66' title='bbox 1316 608 1428 642; x_wconf 87' lang='grc'><em>5025.</em></span> <span class='ocrx_word' id='word_1_67' title='bbox 1454 607 1560 642; x_wconf 87' lang='grc'><em>5955.</em></span> <span class='ocrx_word' id='word_1_68' title='bbox 1607 605 1708 641; x_wconf 74' lang='lat' dir='ltr'><strong><em>Eum</em></strong></span> <span class='ocrx_word' id='word_1_69' title='bbox 1731 604 1901 641; x_wconf 77' lang='lat' dir='ltr'><strong><em>extremis</em></strong></span> <span class='ocrx_word' id='word_1_70' title='bbox 1924 604 2090 650; x_wconf 74' lang='lat' dir='ltr'><strong><em>tempori·</em></strong></span> 
     </span>
     <span class='ocr_line' id='line_1_8' title="bbox 401 660 2090 711; baseline -0.004 -9"><span class='ocrx_word' id='word_1_71' title='bbox 401 667 466 702; x_wconf 87' lang='lat' dir='ltr'><strong><em>bus</em></strong></span> <span class='ocrx_word' id='word_1_72' title='bbox 492 666 706 711; x_wconf 76' lang='lat' dir='ltr'><strong><em>Vespasiani</em></strong></span> <span class='ocrx_word' id='word_1_73' title='bbox 726 666 943 702; x_wconf 78' lang='lat' dir='ltr'><strong><em>Germaniae</em></strong></span> <span class='ocrx_word' id='word_1_74' title='bbox 964 664 1134 710; x_wconf 79' lang='lat' dir='ltr'><strong><em>inferiori</em></strong></span> <span class='ocrx_word' id='word_1_75' title='bbox 1155 663 1359 709; x_wconf 76' lang='lat' dir='ltr'><strong><em>praefuisse</em></strong></span> <span class='ocrx_word' id='word_1_76' title='bbox 1382 662 1571 698; x_wconf 84' lang='lat' dir='ltr'><strong><em>constabat</em></strong></span> <span class='ocrx_word' id='word_1_77' title='bbox 1583 673 1628 698; x_wconf 80' lang='lat' dir='ltr'><strong><em>eae</em></strong></span> <span class='ocrx_word' id='word_1_78' title='bbox 1643 662 1734 698; x_wconf 83' lang='lat' dir='ltr'><strong><em>Stat.</em></strong></span> <span class='ocrx_word' id='word_1_79' title='bbox 1750 661 1830 698; x_wconf 82' lang='lat' dir='ltr'><strong><em>silv.</em></strong></span> <span class='ocrx_word' id='word_1_80' title='bbox 1846 664 1877 706; x_wconf 90' lang='lat'><strong><em>1,</em></strong></span> <span class='ocrx_word' id='word_1_81' title='bbox 1895 661 1929 706; x_wconf 83' lang='grc'><strong><em>4,</em></strong></span> <span class='ocrx_word' id='word_1_82' title='bbox 1948 661 2010 697; x_wconf 87' lang='grc'><em>89.</em></span> <span class='ocrx_word' id='word_1_83' title='bbox 2029 660 2090 696; x_wconf 90' lang='grc'><strong><em>90.</em></strong></span> 
     </span>
    </p>
   </div>
   <div class='ocr_carea' id='block_1_5' title="bbox 400 711 2170 824">
    <p class='ocr_par' dir='ltr' id='par_1_5' title="bbox 400 711 2170 824">
     <span class='ocr_line' id='line_1_9' title="bbox 400 711 2170 767; baseline -0.005 -7"><span class='ocrx_word' id='word_1_84' title='bbox 400 724 625 760; x_wconf 90' lang='lat' dir='ltr'><strong><em>Praenomen</em></strong></span> <span class='ocrx_word' id='word_1_85' title='bbox 653 723 739 767; x_wconf 90' lang='lat' dir='ltr'><strong><em>Gai,</em></strong></span> <span class='ocrx_word' id='word_1_86' title='bbox 772 722 866 767; x_wconf 80' lang='lat' dir='ltr'><strong><em>quod</em></strong></span> <span class='ocrx_word' id='word_1_87' title='bbox 889 721 1017 767; x_wconf 66' lang='lat' dir='ltr'><strong><em>legitur</em></strong></span> <span class='ocrx_word' id='word_1_88' title='bbox 1038 731 1151 766; x_wconf 88' lang='lat' dir='ltr'><strong><em>supra</em></strong></span> <span class='ocrx_word' id='word_1_89' title='bbox 1174 719 1220 755; x_wconf 91' lang='lat' dir='ltr'><strong><em>N.</em></strong></span> <span class='ocrx_word' id='word_1_90' title='bbox 1243 720 1349 755; x_wconf 83' lang='grc'><em>1007</em></span> <span class='ocrx_word' id='word_1_91' title='bbox 1369 720 1404 754; x_wconf 83' lang='lat' dir='ltr'><strong><em>et</em></strong></span> <span class='ocrx_word' id='word_1_92' title='bbox 1434 718 1465 753; x_wconf 88' lang='lat' dir='ltr'><em>V</em></span> <span class='ocrx_word' id='word_1_93' title='bbox 1483 719 1594 765; x_wconf 85' lang='lat'><strong><em>6989,</em></strong></span> <span class='ocrx_word' id='word_1_94' title='bbox 1626 718 1745 755; x_wconf 74' lang='lat' dir='ltr'><strong><em>omitti</em></strong></span> <span class='ocrx_word' id='word_1_95' title='bbox 1766 728 1840 755; x_wconf 84' lang='lat' dir='ltr'><strong><em>non</em></strong></span> <span class='ocrx_word' id='word_1_96' title='bbox 1863 716 2001 764; x_wconf 73' lang='lat' dir='ltr'><strong><em>debuit,</em></strong></span> <span class='ocrx_word' id='word_1_97' title='bbox 2029 716 2092 753; x_wconf 80' lang='lat' dir='ltr'><strong><em>sed</em></strong></span> <span class='ocrx_word' id='word_1_98' title='bbox 2167 711 2170 713; x_wconf 41' lang='lat'>⁵</span> 
     </span>
     <span class='ocr_line' id='line_1_10' title="bbox 401 774 2163 824; baseline -0.004 -8"><span class='ocrx_word' id='word_1_99' title='bbox 401 780 582 816; x_wconf 84' lang='lat' dir='ltr'><strong><em>omittitur</em></strong></span> <span class='ocrx_word' id='word_1_100' title='bbox 596 782 639 815; x_wconf 90' lang='lat' dir='ltr'><strong><em>ut</em></strong></span> <span class='ocrx_word' id='word_1_101' title='bbox 653 789 766 824; x_wconf 86' lang='lat' dir='ltr'><strong><em>supra</em></strong></span> <span class='ocrx_word' id='word_1_102' title='bbox 781 778 828 814; x_wconf 91' lang='lat' dir='ltr'><strong><em>N.</em></strong></span> <span class='ocrx_word' id='word_1_103' title='bbox 848 779 930 813; x_wconf 82' lang='lat'><strong><em>897</em></strong></span> <span class='ocrx_word' id='word_1_104' title='bbox 929 779 947 813; x_wconf 76' lang='lat'>3</span> <span class='ocrx_word' id='word_1_105' title='bbox 960 787 1180 823; x_wconf 83' lang='lat' dir='ltr'><strong><em>praenomen</em></strong></span> <span class='ocrx_word' id='word_1_106' title='bbox 1196 776 1352 811; x_wconf 73' lang='lat' dir='ltr'><strong><em>altemm</em></strong></span> <span class='ocrx_word' id='word_1_107' title='bbox 1367 775 1410 811; x_wconf 92' lang='lat' dir='ltr'><strong><em>P.</em></strong></span> <span class='ocrx_word' id='word_1_108' title='bbox 1428 774 1547 811; x_wconf 82' lang='lat' dir='ltr'><strong><em>Salvii</em></strong></span> <span class='ocrx_word' id='word_1_109' title='bbox 1561 774 1716 812; x_wconf 86' lang='lat' dir='ltr'><strong><em>Iuliani.</em></strong></span> <span class='ocrx_word' id='word_1_110' title='bbox 1730 794 1773 800; x_wconf 93' lang='lat'>—</span> <span class='ocrx_word' id='word_1_111' title='bbox 1799 776 1853 817; x_wconf 78' lang='lat'><strong><em>13)</em></strong></span> <span class='ocrx_word' id='word_1_112' title='bbox 1868 775 1925 811; x_wconf 92' lang='lat'><strong><em>15.</em></strong></span> <span class='ocrx_word' id='word_1_113' title='bbox 1937 776 2028 820; x_wconf 78' lang='lat' dir='ltr'><strong><em>Apr.</em></strong></span> <span class='ocrx_word' id='word_1_114' title='bbox 2046 774 2093 809; x_wconf 77' lang='lat'><strong><em>78</em></strong></span> <span class='ocrx_word' id='word_1_115' title='bbox 2161 802 2163 805; x_wconf 63' lang='grc'><em>,</em></span> 
     </span>
    </p>
   </div>
   <div class='ocr_carea' id='block_1_6' title="bbox 401 829 2094 993">
    <p class='ocr_par' dir='ltr' id='par_1_6' title="bbox 401 829 2094 993">
     <span class='ocr_line' id='line_1_11' title="bbox 401 829 2093 881; baseline -0.004 -9"><span class='ocrx_word' id='word_1_116' title='bbox 401 836 569 881; x_wconf 84' lang='lat' dir='ltr'><strong><em>(nomina</em></strong></span> <span class='ocrx_word' id='word_1_117' title='bbox 590 836 699 881; x_wconf 86' lang='lat' dir='ltr'><strong><em>plena</em></strong></span> <span class='ocrx_word' id='word_1_118' title='bbox 722 835 850 870; x_wconf 87' lang='lat' dir='ltr'><strong><em>horum</em></strong></span> <span class='ocrx_word' id='word_1_119' title='bbox 873 834 1058 870; x_wconf 85' lang='lat' dir='ltr'><strong><em>consulum</em></strong></span> <span class='ocrx_word' id='word_1_120' title='bbox 1082 832 1356 868; x_wconf 69' lang='lat' dir='ltr'><strong><em>ordinariorum</em></strong></span> <span class='ocrx_word' id='word_1_121' title='bbox 1383 834 1471 868; x_wconf 84' lang='lat' dir='ltr'><strong><em>nota</em></strong></span> <span class='ocrx_word' id='word_1_122' title='bbox 1493 831 1604 867; x_wconf 89' lang='lat' dir='ltr'><strong><em>etiam</em></strong></span> <span class='ocrx_word' id='word_1_123' title='bbox 1626 842 1671 867; x_wconf 80' lang='lat' dir='ltr'><strong><em>ex</em></strong></span> <span class='ocrx_word' id='word_1_124' title='bbox 1693 831 1784 867; x_wconf 82' lang='lat' dir='ltr'><strong><em>actis</em></strong></span> <span class='ocrx_word' id='word_1_125' title='bbox 1805 829 2027 875; x_wconf 69' lang='lat' dir='ltr'><strong><em>Amnum).</em></strong></span> <span class='ocrx_word' id='word_1_126' title='bbox 2047 850 2093 857; x_wconf 90' lang='lat'><em>-</em></span> 
     </span>
     <span class='ocr_line' id='line_1_12' title="bbox 403 885 2094 936; baseline -0.003 -9"><span class='ocrx_word' id='word_1_127' title='bbox 403 895 458 935; x_wconf 88' lang='lat'><strong><em>14)</em></strong></span> <span class='ocrx_word' id='word_1_128' title='bbox 481 892 587 928; x_wconf 86' lang='lat' dir='ltr'><strong><em>Idem</em></strong></span> <span class='ocrx_word' id='word_1_129' title='bbox 607 892 811 936; x_wconf 80' lang='lat' dir='ltr'><strong><em>praefectus</em></strong></span> <span class='ocrx_word' id='word_1_130' title='bbox 834 901 948 936; x_wconf 89' lang='lat' dir='ltr'><strong><em>supra</em></strong></span> <span class='ocrx_word' id='word_1_131' title='bbox 970 890 1017 926; x_wconf 91' lang='lat' dir='ltr'><strong><em>N.</em></strong></span> <span class='ocrx_word' id='word_1_132' title='bbox 1033 890 1148 925; x_wconf 83' lang='lat'><em>2729.</em></span> <span class='ocrx_word' id='word_1_133' title='bbox 1184 909 1228 915; x_wconf 91' lang='lat'><strong><em>--</em></strong></span> <span class='ocrx_word' id='word_1_134' title='bbox 1266 892 1320 932; x_wconf 89' lang='lat'><strong><em>15)</em></strong></span> <span class='ocrx_word' id='word_1_135' title='bbox 1350 888 1463 925; x_wconf 87' lang='lat' dir='ltr'><strong><em>Verba</em></strong></span> <span class='ocrx_word' id='word_1_136' title='bbox 1487 891 1569 933; x_wconf 78' lang='lat' dir='ltr'><strong><em>post</em></strong></span> <span class='ocrx_word' id='word_1_137' title='bbox 1592 898 1711 924; x_wconf 85' lang='lat' dir='ltr'><strong><em>oasam</em></strong></span> <span class='ocrx_word' id='word_1_138' title='bbox 1734 886 1878 923; x_wconf 84' lang='lat' dir='ltr'><strong><em>Romuli</em></strong></span> <span class='ocrx_word' id='word_1_139' title='bbox 1901 885 2032 923; x_wconf 68' lang='lat' dir='ltr'><strong><em>amnt</em></strong></span> <span class='ocrx_word' id='word_1_140' title='bbox 2051 885 2094 922; x_wconf 83' lang='lat' dir='ltr'><strong><em>in</em></strong></span> 
     </span>
     <span class='ocr_line' id='line_1_13' title="bbox 401 943 2093 993; baseline -0.002 -10"><span class='ocrx_word' id='word_1_141' title='bbox 401 948 558 993; x_wconf 77' lang='lat' dir='ltr'><strong><em>exemplo</em></strong></span> <span class='ocrx_word' id='word_1_142' title='bbox 575 947 752 983; x_wconf 87' lang='lat' dir='ltr'><strong><em>interiore.</em></strong></span> <span class='ocrx_word' id='word_1_143' title='bbox 789 946 847 982; x_wconf 88' lang='lat' dir='ltr'><strong><em>De</em></strong></span> <span class='ocrx_word' id='word_1_144' title='bbox 862 957 946 982; x_wconf 90' lang='lat' dir='ltr'><strong><em>casa</em></strong></span> <span class='ocrx_word' id='word_1_145' title='bbox 961 946 1113 982; x_wconf 86' lang='lat' dir='ltr'><strong><em>Romuli</em></strong></span> <span class='ocrx_word' id='word_1_146' title='bbox 1128 945 1336 990; x_wconf 81' lang='lat' dir='ltr'><strong><em>Capitolina</em></strong></span> <span class='ocrx_word' id='word_1_147' title='bbox 1352 944 1397 990; x_wconf 81' lang='lat' dir='ltr'><strong><em>cf.</em></strong></span> <span class='ocrx_word' id='word_1_148' title='bbox 1414 944 1562 980; x_wconf 87' lang='lat' dir='ltr'><strong><em>Jordan</em></strong></span> <span class='ocrx_word' id='word_1_149' title='bbox 1582 944 1732 990; x_wconf 75' lang='lat' dir='ltr'><strong><em>Topoqr.</em></strong></span> <span class='ocrx_word' id='word_1_150' title='bbox 1747 943 1777 980; x_wconf 91' lang='lat' dir='ltr'><strong><em>I·</em></strong></span> <span class='ocrx_word' id='word_1_151' title='bbox 1787 945 1815 979; x_wconf 90' lang='grc'><em>2</em></span> <span class='ocrx_word' id='word_1_152' title='bbox 1829 953 1864 990; x_wconf 95' lang='grc' dir='ltr'><strong><em>Ρ.</em></strong></span> <span class='ocrx_word' id='word_1_153' title='bbox 1883 943 1926 980; x_wconf 83' lang='grc'><strong><em>51</em></strong></span> <span class='ocrx_word' id='word_1_154' title='bbox 1940 944 2016 980; x_wconf 75' lang='lat' dir='ltr'><strong><em>not.</em></strong></span> <span class='ocrx_word' id='word_1_155' title='bbox 2034 943 2093 979; x_wconf 82' lang='lat'><strong><em>53.</em></strong></span> 
     </span>
    </p>
   </div>
   <div class='ocr_carea' id='block_1_7' title="bbox 401 999 2162 1048">
    <p class='ocr_par' dir='ltr' id='par_1_7' title="bbox 401 999 2162 1048">
     <span class='ocr_line' id='line_1_14' title="bbox 401 999 2162 1048; baseline -0.002 -9"><span class='ocrx_word' id='word_1_156' title='bbox 401 1024 445 1029; x_wconf 97' lang='lat'><strong>—</strong></span> <span class='ocrx_word' id='word_1_157' title='bbox 470 1007 526 1047; x_wconf 83' lang='lat'><strong><em>16)</em></strong></span> <span class='ocrx_word' id='word_1_158' title='bbox 551 1003 611 1039; x_wconf 86' lang='lat' dir='ltr'><strong><em>Sic</em></strong></span> <span class='ocrx_word' id='word_1_159' title='bbox 633 1003 831 1048; x_wconf 82' lang='lat' dir='ltr'><strong><em>Ritterlin9</em></strong></span> <span class='ocrx_word' id='word_1_160' title='bbox 854 1014 898 1038; x_wconf 71' lang='lat' dir='ltr'><strong><em>esc</em></strong></span> <span class='ocrx_word' id='word_1_161' title='bbox 921 1002 1079 1048; x_wconf 69' lang='lat' dir='ltr'><strong><em>imagine</em></strong></span> <span class='ocrx_word' id='word_1_162' title='bbox 1102 1001 1317 1048; x_wconf 75' lang='lat' dir='ltr'><strong><em>heliotypica</em></strong></span> <span class='ocrx_word' id='word_1_163' title='bbox 1341 1001 1403 1044; x_wconf 88' lang='lat' dir='ltr'><strong><em>(M.</em></strong></span> <span class='ocrx_word' id='word_1_164' title='bbox 1428 1000 1722 1044; x_wconf 78' lang='lat' dir='ltr'><strong><em>Domaszewslci)</em></strong></span> <span class='ocrx_word' id='word_1_165' title='bbox 1748 1020 1789 1026; x_wconf 93' lang='lat'><strong><em>—-</em></strong></span> <span class='ocrx_word' id='word_1_166' title='bbox 1821 1003 1875 1043; x_wconf 79' lang='lat'><strong><em>17)</em></strong></span> <span class='ocrx_word' id='word_1_167' title='bbox 1900 999 1957 1045; x_wconf 78' lang='grc' dir='ltr'><strong><em>ΟΓ.</em></strong></span> <span class='ocrx_word' id='word_1_168' title='bbox 1979 1009 2102 1046; x_wconf 74' lang='lat' dir='ltr'><strong><em>supra.</em></strong></span> <span class='ocrx_word' id='word_1_169' title='bbox 2159 1014 2162 1016; x_wconf 61' lang='grc'>’</span> 
     </span>
    </p>
   </div>
   <div class='ocr_carea' id='block_1_8' title="bbox 400 1058 1260 1104">
    <p class='ocr_par' dir='ltr' id='par_1_8' title="bbox 400 1058 1260 1104">
     <span class='ocr_line' id='line_1_15' title="bbox 400 1058 1260 1104; baseline -0.001 -10"><span class='ocrx_word' id='word_1_170' title='bbox 400 1059 447 1095; x_wconf 96' lang='grc' dir='ltr'><strong><em>Ν.</em></strong></span> <span class='ocrx_word' id='word_1_171' title='bbox 463 1060 563 1094; x_wconf 89' lang='grc'><em>1992</em></span> <span class='ocrx_word' id='word_1_172' title='bbox 585 1061 657 1094; x_wconf 89' lang='lat' dir='ltr'><strong><em>not.</em></strong></span> <span class='ocrx_word' id='word_1_173' title='bbox 678 1060 707 1094; x_wconf 79' lang='lat'><strong><em>7.</em></strong></span> <span class='ocrx_word' id='word_1_174' title='bbox 746 1058 893 1103; x_wconf 83' lang='lat' dir='ltr'><strong><em>Reliqui</em></strong></span> <span class='ocrx_word' id='word_1_175' title='bbox 915 1059 1115 1104; x_wconf 74' lang='lat' dir='ltr'><strong><em>siynatores</em></strong></span> <span class='ocrx_word' id='word_1_176' title='bbox 1137 1058 1260 1104; x_wconf 63' lang='lat' dir='ltr'><strong><em>ignoti.</em></strong></span> 
     </span>
    </p>
   </div>
   <div class='ocr_carea' id='block_1_9' title="bbox 400 1158 2163 2567">
    <p class='ocr_par' dir='ltr' id='par_1_9' title="bbox 400 1158 2163 2165">
     <span class='ocr_line' id='line_1_16' title="bbox 511 1158 2134 1217; baseline 0 -13"><span class='ocrx_word' id='word_1_177' title='bbox 511 1159 625 1204; x_wconf 81' lang='lat'>9053</span> <span class='ocrx_word' id='word_1_178' title='bbox 671 1161 770 1217; x_wconf 89' lang='lat' dir='ltr'><strong><em>imp.</em></strong></span> <span class='ocrx_word' id='word_1_179' title='bbox 805 1162 959 1207; x_wconf 80' lang='lat' dir='ltr'><strong><em>Caesar</em></strong></span> <span class='ocrx_word' id='word_1_180' title='bbox 994 1161 1080 1205; x_wconf 88' lang='lat' dir='ltr'><strong><em>divi</em></strong></span> <span class='ocrx_word' id='word_1_181' title='bbox 1108 1159 1358 1217; x_wconf 80' lang='lat' dir='ltr'><strong><em>Vespasiani</em></strong></span> <span class='ocrx_word' id='word_1_182' title='bbox 1387 1161 1416 1205; x_wconf 82' lang='lat' dir='ltr'><strong><em>f.</em></strong></span> <span class='ocrx_word' id='word_1_183' title='bbox 1446 1159 1716 1205; x_wconf 86' lang='lat' dir='ltr'><strong><em>Domitianus</em></strong></span> <span class='ocrx_word' id='word_1_184' title='bbox 1746 1161 1963 1215; x_wconf 85' lang='lat' dir='ltr'><strong><em>Augustus</em></strong></span> <span class='ocrx_word' id='word_1_185' title='bbox 1992 1158 2093 1204; x_wconf 84' lang='lat' dir='ltr'><strong><em>Ger·</em></strong></span> <span class='ocrx_word' id='word_1_186' title='bbox 2132 1211 2134 1213; x_wconf 32' lang='grc'><em>,</em></span> 
     </span>
     <span class='ocr_line' id='line_1_17' title="bbox 403 1222 2163 1285; baseline 0.001 -15"><span class='ocrx_word' id='word_1_187' title='bbox 403 1228 593 1272; x_wconf 86' lang='lat' dir='ltr'><strong><em>manicus</em></strong></span> <span class='ocrx_word' id='word_1_188' title='bbox 622 1229 810 1284; x_wconf 81' lang='lat' dir='ltr'><strong><em>pontifex</em></strong></span> <span class='ocrx_word' id='word_1_189' title='bbox 840 1229 1062 1285; x_wconf 84' lang='lat' dir='ltr'><strong><em>maximus,</em></strong></span> <span class='ocrx_word' id='word_1_190' title='bbox 1099 1228 1290 1273; x_wconf 73' lang='lat' dir='ltr'><strong><em>tribunis.</em></strong></span> <span class='ocrx_word' id='word_1_191' title='bbox 1321 1233 1510 1285; x_wconf 82' lang='lat' dir='ltr'><strong><em>potestat.</em></strong></span> <span class='ocrx_word' id='word_1_192' title='bbox 1532 1228 1645 1271; x_wconf 93' lang='lat' dir='ltr'><strong><em>XIII</em></strong></span> <span class='ocrx_word' id='word_1_193' title='bbox 1656 1230 1678 1282; x_wconf 90' lang='lat'><strong><em>¹,</em></strong></span> <span class='ocrx_word' id='word_1_194' title='bbox 1707 1226 1806 1284; x_wconf 89' lang='lat' dir='ltr'><strong><em>imp.</em></strong></span> <span class='ocrx_word' id='word_1_195' title='bbox 1825 1227 1978 1282; x_wconf 88' lang='lat' dir='ltr'><strong><em>XXII,</em></strong></span> <span class='ocrx_word' id='word_1_196' title='bbox 2008 1241 2092 1273; x_wconf 82' lang='lat' dir='ltr'><strong><em>cos.</em></strong></span> <span class='ocrx_word' id='word_1_197' title='bbox 2154 1222 2163 1227; x_wconf 13' lang='grc' dir='ltr'><strong><em>Ἃ</em></strong></span> 
     </span>
     <span class='ocr_line' id='line_1_18' title="bbox 401 1293 2094 1354; baseline 0.001 -16"><span class='ocrx_word' id='word_1_198' title='bbox 401 1295 525 1348; x_wconf 90' lang='lat' dir='ltr'><strong><em>XVI,</em></strong></span> <span class='ocrx_word' id='word_1_199' title='bbox 570 1310 716 1341; x_wconf 83' lang='lat' dir='ltr'><strong><em>censor</em></strong></span> <span class='ocrx_word' id='word_1_200' title='bbox 744 1302 981 1353; x_wconf 87' lang='lat' dir='ltr'><strong><em>perpetuus,</em></strong></span> <span class='ocrx_word' id='word_1_201' title='bbox 1024 1311 1064 1353; x_wconf 92' lang='lat' dir='ltr'><strong><em>p.</em></strong></span> <span class='ocrx_word' id='word_1_202' title='bbox 1095 1311 1146 1354; x_wconf 91' lang='lat' dir='ltr'><strong><em>p.,</em></strong></span> <span class='ocrx_word' id='word_1_203' title='bbox 1190 1295 1399 1352; x_wconf 86' lang='lat' dir='ltr'><strong><em>equitibus</em></strong></span> <span class='ocrx_word' id='word_1_204' title='bbox 1429 1300 1469 1340; x_wconf 92' lang='lat' dir='ltr'><strong><em>et</em></strong></span> <span class='ocrx_word' id='word_1_205' title='bbox 1498 1295 1707 1352; x_wconf 80' lang='lat' dir='ltr'><strong><em>peditibus</em></strong></span> <span class='ocrx_word' id='word_1_206' title='bbox 1741 1293 1816 1351; x_wconf 89' lang='lat' dir='ltr'><strong><em>qui</em></strong></span> <span class='ocrx_word' id='word_1_207' title='bbox 1843 1293 2023 1340; x_wconf 76' lang='lat' dir='ltr'><strong><em>militant</em></strong></span> <span class='ocrx_word' id='word_1_208' title='bbox 2050 1295 2094 1339; x_wconf 89' lang='lat' dir='ltr'><strong><em>in</em></strong></span> 
     </span>
     <span class='ocr_line' id='line_1_19' title="bbox 400 1362 2094 1420; baseline 0.001 -14"><span class='ocrx_word' id='word_1_209' title='bbox 400 1362 478 1407; x_wconf 90' lang='lat' dir='ltr'><strong><em>alis</em></strong></span> <span class='ocrx_word' id='word_1_210' title='bbox 507 1362 638 1408; x_wconf 82' lang='lat' dir='ltr'><strong><em>tribus</em></strong></span> <span class='ocrx_word' id='word_1_211' title='bbox 667 1369 706 1408; x_wconf 90' lang='lat' dir='ltr'><strong><em>et</em></strong></span> <span class='ocrx_word' id='word_1_212' title='bbox 736 1364 975 1409; x_wconf 82' lang='lat' dir='ltr'><strong><em>cohortibus</em></strong></span> <span class='ocrx_word' id='word_1_213' title='bbox 1003 1378 1155 1408; x_wconf 88' lang='lat' dir='ltr'><strong><em>novem</em></strong></span> <span class='ocrx_word' id='word_1_214' title='bbox 1187 1378 1297 1420; x_wconf 89' lang='lat' dir='ltr'><strong><em>quae</em></strong></span> <span class='ocrx_word' id='word_1_215' title='bbox 1326 1364 1589 1419; x_wconf 84' lang='lat' dir='ltr'><strong><em>appellantur</em></strong></span> <span class='ocrx_word' id='word_1_216' title='bbox 1619 1364 1676 1417; x_wconf 88' lang='lat'><strong><em>(1)</em></strong></span> <span class='ocrx_word' id='word_1_217' title='bbox 1705 1364 1751 1406; x_wconf 94' lang='lat' dir='ltr'><strong><em>II</em></strong></span> <span class='ocrx_word' id='word_1_218' title='bbox 1780 1362 2094 1409; x_wconf 83' lang='lat' dir='ltr'><strong><em>Pannoniorum</em></strong></span> 
     </span>
     <span class='ocr_line' id='line_1_20' title="bbox 401 1430 2096 1488; baseline 0.002 -14"><span class='ocrx_word' id='word_1_219' title='bbox 401 1436 440 1474; x_wconf 88' lang='lat' dir='ltr'><strong><em>et</em></strong></span> <span class='ocrx_word' id='word_1_220' title='bbox 470 1434 525 1484; x_wconf 86' lang='lat'><strong><em>(2)</em></strong></span> <span class='ocrx_word' id='word_1_221' title='bbox 559 1431 739 1476; x_wconf 83' lang='lat' dir='ltr'><strong><em>Claudia</em></strong></span> <span class='ocrx_word' id='word_1_222' title='bbox 766 1432 905 1476; x_wconf 78' lang='lat' dir='ltr'><strong><em>nova²</em></strong></span> <span class='ocrx_word' id='word_1_223' title='bbox 936 1437 976 1476; x_wconf 80' lang='lat' dir='ltr'><strong><em>et</em></strong></span> <span class='ocrx_word' id='word_1_224' title='bbox 1005 1435 1064 1485; x_wconf 87' lang='lat'><strong><em>(3)</em></strong></span> <span class='ocrx_word' id='word_1_225' title='bbox 1094 1430 1350 1488; x_wconf 79' lang='lat' dir='ltr'><strong><em>praetoria³3</em></strong></span> <span class='ocrx_word' id='word_1_226' title='bbox 1386 1436 1426 1475; x_wconf 88' lang='lat' dir='ltr'><strong><em>et</em></strong></span> <span class='ocrx_word' id='word_1_227' title='bbox 1455 1434 1512 1484; x_wconf 90' lang='lat'><strong><em>(1)</em></strong></span> <span class='ocrx_word' id='word_1_228' title='bbox 1542 1432 1564 1474; x_wconf 99' lang='grc' dir='ltr'>Ι</span> <span class='ocrx_word' id='word_1_229' title='bbox 1585 1430 1762 1475; x_wconf 84' lang='lat' dir='ltr'><strong><em>Cilicum</em></strong></span> <span class='ocrx_word' id='word_1_230' title='bbox 1793 1435 1834 1475; x_wconf 83' lang='lat' dir='ltr'><strong><em>et</em></strong></span> <span class='ocrx_word' id='word_1_231' title='bbox 1861 1433 1921 1485; x_wconf 83' lang='lat'><strong><em>(2)</em></strong></span> <span class='ocrx_word' id='word_1_232' title='bbox 1951 1432 1973 1475; x_wconf 95' lang='lat' dir='ltr'><strong><em>I</em></strong></span> <span class='ocrx_word' id='word_1_233' title='bbox 1995 1431 2096 1477; x_wconf 79' lang='lat' dir='ltr'><strong><em>Oisi-</em></strong></span> 
     </span>
     <span class='ocr_line' id='line_1_21' title="bbox 404 1497 2096 1555; baseline 0.001 -13"><span class='ocrx_word' id='word_1_234' title='bbox 404 1499 675 1554; x_wconf 79' lang='lat' dir='ltr'><strong><em>padensium⁴</em></strong></span> <span class='ocrx_word' id='word_1_235' title='bbox 714 1505 752 1544; x_wconf 91' lang='lat' dir='ltr'><strong><em>et</em></strong></span> <span class='ocrx_word' id='word_1_236' title='bbox 788 1503 844 1553; x_wconf 88' lang='lat'><strong><em>(3)</em></strong></span> <span class='ocrx_word' id='word_1_237' title='bbox 875 1501 898 1543; x_wconf 96' lang='lat' dir='ltr'><strong><em>I</em></strong></span> <span class='ocrx_word' id='word_1_238' title='bbox 928 1501 1120 1545; x_wconf 84' lang='lat' dir='ltr'><strong><em>Oretum⁵</em></strong></span> <span class='ocrx_word' id='word_1_239' title='bbox 1159 1505 1199 1544; x_wconf 88' lang='lat' dir='ltr'><strong><em>et</em></strong></span> <span class='ocrx_word' id='word_1_240' title='bbox 1229 1501 1286 1553; x_wconf 87' lang='lat'><strong><em>(4)</em></strong></span> <span class='ocrx_word' id='word_1_241' title='bbox 1315 1499 1338 1542; x_wconf 94' lang='lat' dir='ltr'><strong><em>I</em></strong></span> <span class='ocrx_word' id='word_1_242' title='bbox 1367 1498 1518 1543; x_wconf 86' lang='lat' dir='ltr'><strong><em>Flavia</em></strong></span> <span class='ocrx_word' id='word_1_243' title='bbox 1546 1498 1834 1555; x_wconf 83' lang='lat' dir='ltr'><strong><em>Hispanorum</em></strong></span> <span class='ocrx_word' id='word_1_244' title='bbox 1873 1497 2096 1544; x_wconf 77' lang='lat' dir='ltr'><strong><em>milliaria⁰</em></strong></span> 
     </span>
     <span class='ocr_line' id='line_1_22' title="bbox 402 1566 2096 1623; baseline 0.002 -14"><span class='ocrx_word' id='word_1_245' title='bbox 402 1571 441 1609; x_wconf 87' lang='lat' dir='ltr'><strong><em>et</em></strong></span> <span class='ocrx_word' id='word_1_246' title='bbox 461 1569 517 1619; x_wconf 87' lang='lat'><strong><em>(5)</em></strong></span> <span class='ocrx_word' id='word_1_247' title='bbox 541 1568 561 1610; x_wconf 97' lang='lat' dir='ltr'><strong><em>I</em></strong></span> <span class='ocrx_word' id='word_1_248' title='bbox 582 1567 930 1612; x_wconf 82' lang='lat' dir='ltr'><strong><em>Antiochensium</em></strong></span> <span class='ocrx_word' id='word_1_249' title='bbox 962 1572 1000 1611; x_wconf 92' lang='lat' dir='ltr'><strong><em>et</em></strong></span> <span class='ocrx_word' id='word_1_250' title='bbox 1022 1566 1148 1623; x_wconf 71' lang='lat'>(6)111</span> <span class='ocrx_word' id='word_1_251' title='bbox 1172 1568 1388 1612; x_wconf 84' lang='lat' dir='ltr'><strong><em>Gallorum</em></strong></span> <span class='ocrx_word' id='word_1_252' title='bbox 1410 1566 1707 1611; x_wconf 79' lang='lat' dir='ltr'><strong><em>Macedoniea⁷</em></strong></span> <span class='ocrx_word' id='word_1_253' title='bbox 1737 1570 1778 1611; x_wconf 86' lang='lat' dir='ltr'><strong><em>et</em></strong></span> <span class='ocrx_word' id='word_1_254' title='bbox 1802 1567 1859 1621; x_wconf 88' lang='grc'><strong><em>(7)</em></strong></span> <span class='ocrx_word' id='word_1_255' title='bbox 1878 1566 1972 1610; x_wconf 91' lang='lat' dir='ltr'><strong><em>IIII</em></strong></span> <span class='ocrx_word' id='word_1_256' title='bbox 1992 1567 2096 1612; x_wconf 74' lang='lat' dir='ltr'><strong><em>Rae-</em></strong></span> 
     </span>
     <span class='ocr_line' id='line_1_23' title="bbox 402 1633 2098 1692; baseline 0.001 -15"><span class='ocrx_word' id='word_1_257' title='bbox 402 1639 536 1678; x_wconf 87' lang='lat' dir='ltr'><strong><em>torum</em></strong></span> <span class='ocrx_word' id='word_1_258' title='bbox 569 1640 608 1678; x_wconf 91' lang='lat' dir='ltr'><strong><em>et</em></strong></span> <span class='ocrx_word' id='word_1_259' title='bbox 637 1635 697 1692; x_wconf 87' lang='lat'><strong><em>(8)</em></strong></span> <span class='ocrx_word' id='word_1_260' title='bbox 719 1636 754 1678; x_wconf 96' lang='lat' dir='ltr'>V</span> <span class='ocrx_word' id='word_1_261' title='bbox 776 1636 992 1680; x_wconf 82' lang='lat' dir='ltr'><strong><em>Gallorum</em></strong></span> <span class='ocrx_word' id='word_1_262' title='bbox 1023 1640 1063 1679; x_wconf 88' lang='lat' dir='ltr'><strong><em>et</em></strong></span> <span class='ocrx_word' id='word_1_263' title='bbox 1092 1638 1149 1688; x_wconf 87' lang='grc'><strong><em>(9)</em></strong></span> <span class='ocrx_word' id='word_1_264' title='bbox 1170 1636 1208 1679; x_wconf 91' lang='lat' dir='ltr'><strong>V</strong></span> <span class='ocrx_word' id='word_1_265' title='bbox 1228 1635 1516 1691; x_wconf 88' lang='lat' dir='ltr'><strong><em>Hispanorum</em></strong></span> <span class='ocrx_word' id='word_1_266' title='bbox 1525 1636 1552 1690; x_wconf 82' lang='lat'><strong><em>⁸,</em></strong></span> <span class='ocrx_word' id='word_1_267' title='bbox 1580 1636 1623 1678; x_wconf 83' lang='lat' dir='ltr'><strong><em>et</em></strong></span> <span class='ocrx_word' id='word_1_268' title='bbox 1651 1638 1749 1679; x_wconf 90' lang='lat' dir='ltr'><strong><em>sunt</em></strong></span> <span class='ocrx_word' id='word_1_269' title='bbox 1775 1634 1819 1678; x_wconf 90' lang='lat' dir='ltr'><strong><em>in</em></strong></span> <span class='ocrx_word' id='word_1_270' title='bbox 1840 1633 2001 1680; x_wconf 82' lang='lat' dir='ltr'><strong><em>Moesia</em></strong></span> <span class='ocrx_word' id='word_1_271' title='bbox 2028 1648 2098 1680; x_wconf 89' lang='lat' dir='ltr'><strong><em>su·</em></strong></span> 
     </span>
     <span class='ocr_line' id='line_1_24' title="bbox 403 1700 2099 1759; baseline 0.002 -15"><span class='ocrx_word' id='word_1_272' title='bbox 403 1703 564 1756; x_wconf 87' lang='lat' dir='ltr'><strong><em>periore</em></strong></span> <span class='ocrx_word' id='word_1_273' title='bbox 592 1705 670 1747; x_wconf 90' lang='lat' dir='ltr'><strong><em>sub</em></strong></span> <span class='ocrx_word' id='word_1_274' title='bbox 702 1704 776 1748; x_wconf 83' lang='lat' dir='ltr'><strong><em>Gn.</em></strong></span> <span class='ocrx_word' id='word_1_275' title='bbox 808 1702 990 1747; x_wconf 89' lang='lat' dir='ltr'><strong><em>Aemilio</em></strong></span> <span class='ocrx_word' id='word_1_276' title='bbox 1022 1702 1273 1748; x_wconf 81' lang='lat' dir='ltr'><strong><em>Oicatrieula</em></strong></span> <span class='ocrx_word' id='word_1_277' title='bbox 1302 1701 1506 1759; x_wconf 89' lang='lat' dir='ltr'><strong><em>Pompeio</em></strong></span> <span class='ocrx_word' id='word_1_278' title='bbox 1537 1700 1731 1757; x_wconf 86' lang='lat' dir='ltr'><strong><em>Longino</em></strong></span> <span class='ocrx_word' id='word_1_279' title='bbox 1739 1703 1766 1758; x_wconf 85' lang='lat'><strong><em>⁹,</em></strong></span> <span class='ocrx_word' id='word_1_280' title='bbox 1797 1700 1871 1757; x_wconf 87' lang='lat' dir='ltr'><strong><em>qui</em></strong></span> <span class='ocrx_word' id='word_1_281' title='bbox 1900 1701 2032 1757; x_wconf 85' lang='lat' dir='ltr'><strong><em>quina</em></strong></span> <span class='ocrx_word' id='word_1_282' title='bbox 2059 1709 2099 1747; x_wconf 85' lang='lat' dir='ltr'><strong><em>et</em></strong></span> 
     </span>
     <span class='ocr_line' id='line_1_25' title="bbox 402 1761 2114 1828; baseline 0.001 -16"><span class='ocrx_word' id='word_1_283' title='bbox 402 1769 551 1814; x_wconf 85' lang='lat' dir='ltr'><strong><em>vicena</em></strong></span> <span class='ocrx_word' id='word_1_284' title='bbox 579 1770 788 1826; x_wconf 88' lang='lat' dir='ltr'><strong><em>stipendia</em></strong></span> <span class='ocrx_word' id='word_1_285' title='bbox 815 1776 889 1815; x_wconf 89' lang='lat' dir='ltr'><strong><em>aut</em></strong></span> <span class='ocrx_word' id='word_1_286' title='bbox 917 1773 1040 1828; x_wconf 90' lang='lat' dir='ltr'><strong><em>plura</em></strong></span> <span class='ocrx_word' id='word_1_287' title='bbox 1069 1776 1321 1825; x_wconf 88' lang='lat' dir='ltr'><strong><em>meruerunt,</em></strong></span> <span class='ocrx_word' id='word_1_288' title='bbox 1353 1772 1451 1814; x_wconf 90' lang='lat' dir='ltr'><strong><em>item</em></strong></span> <span class='ocrx_word' id='word_1_289' title='bbox 1484 1761 1667 1814; x_wconf 84' lang='lat' dir='ltr'><strong><em>dimissis</em></strong></span> <span class='ocrx_word' id='word_1_290' title='bbox 1695 1769 1873 1814; x_wconf 82' lang='lat' dir='ltr'><strong><em>honesta.</em></strong></span> <span class='ocrx_word' id='word_1_291' title='bbox 1901 1768 2114 1815; x_wconf 49' lang='lat' dir='ltr'><strong><em>missione*</em></strong></span> 
     </span>
     <span class='ocr_line' id='line_1_26' title="bbox 403 1835 2100 1895; baseline 0.001 -15"><span class='ocrx_word' id='word_1_292' title='bbox 403 1837 583 1882; x_wconf 90' lang='lat' dir='ltr'><strong><em>emeritis</em></strong></span> <span class='ocrx_word' id='word_1_293' title='bbox 603 1838 831 1895; x_wconf 90' lang='lat' dir='ltr'><strong><em>stipendiis,</em></strong></span> <span class='ocrx_word' id='word_1_294' title='bbox 861 1853 1040 1894; x_wconf 91' lang='lat' dir='ltr'><strong><em>quorum</em></strong></span> <span class='ocrx_word' id='word_1_295' title='bbox 1070 1839 1243 1884; x_wconf 87' lang='lat' dir='ltr'><strong><em>nomina</em></strong></span> <span class='ocrx_word' id='word_1_296' title='bbox 1262 1837 1498 1894; x_wconf 80' lang='lat' dir='ltr'><strong><em>subscripta</em></strong></span> <span class='ocrx_word' id='word_1_297' title='bbox 1516 1841 1633 1881; x_wconf 85' lang='lat' dir='ltr'><strong><em>sunt:</em></strong></span> <span class='ocrx_word' id='word_1_298' title='bbox 1665 1835 1768 1893; x_wconf 89' lang='lat' dir='ltr'><strong><em>ipsis</em></strong></span> <span class='ocrx_word' id='word_1_299' title='bbox 1796 1835 1938 1882; x_wconf 84' lang='lat' dir='ltr'><strong><em>liberis</em></strong></span> <span class='ocrx_word' id='word_1_300' title='bbox 1964 1842 2100 1893; x_wconf 83' lang='lat' dir='ltr'><strong><em>poste-</em></strong></span> 
     </span>
     <span class='ocr_line' id='line_1_27' title="bbox 400 1903 2100 1960; baseline 0.002 -13"><span class='ocrx_word' id='word_1_301' title='bbox 400 1904 542 1960; x_wconf 87' lang='lat' dir='ltr'><strong><em>risque</em></strong></span> <span class='ocrx_word' id='word_1_302' title='bbox 575 1920 719 1950; x_wconf 89' lang='lat' dir='ltr'><strong><em>eorum</em></strong></span> <span class='ocrx_word' id='word_1_303' title='bbox 750 1905 959 1951; x_wconf 85' lang='lat' dir='ltr'><strong><em>civitatem</em></strong></span> <span class='ocrx_word' id='word_1_304' title='bbox 990 1906 1104 1951; x_wconf 89' lang='lat' dir='ltr'><strong><em>dedit</em></strong></span> <span class='ocrx_word' id='word_1_305' title='bbox 1142 1912 1182 1950; x_wconf 91' lang='lat' dir='ltr'><strong><em>et</em></strong></span> <span class='ocrx_word' id='word_1_306' title='bbox 1211 1904 1438 1951; x_wconf 83' lang='lat' dir='ltr'><strong><em>conubium</em></strong></span> <span class='ocrx_word' id='word_1_307' title='bbox 1477 1919 1573 1950; x_wconf 82' lang='lat' dir='ltr'><strong><em>eum</em></strong></span> <span class='ocrx_word' id='word_1_308' title='bbox 1603 1903 1818 1960; x_wconf 82' lang='lat' dir='ltr'><strong><em>uxoribus,</em></strong></span> <span class='ocrx_word' id='word_1_309' title='bbox 1855 1917 1964 1960; x_wconf 78' lang='lat' dir='ltr'><strong><em>quas</em></strong></span> <span class='ocrx_word' id='word_1_310' title='bbox 1999 1909 2100 1950; x_wconf 82' lang='lat' dir='ltr'><strong><em>tunc</em></strong></span> 
     </span>
     <span class='ocr_line' id='line_1_28' title="bbox 404 1971 2099 2031; baseline 0.002 -16"><span class='ocrx_word' id='word_1_311' title='bbox 404 1972 647 2017; x_wconf 87' lang='lat' dir='ltr'><strong><em>habuissent</em></strong></span> <span class='ocrx_word' id='word_1_312' title='bbox 675 1988 771 2019; x_wconf 88' lang='lat' dir='ltr'><strong><em>eum</em></strong></span> <span class='ocrx_word' id='word_1_313' title='bbox 792 1979 853 2018; x_wconf 89' lang='lat' dir='ltr'><strong><em>est</em></strong></span> <span class='ocrx_word' id='word_1_314' title='bbox 873 1975 1020 2019; x_wconf 80' lang='lat' dir='ltr'><strong><em>civitas</em></strong></span> <span class='ocrx_word' id='word_1_315' title='bbox 1048 1974 1099 2019; x_wconf 88' lang='lat' dir='ltr'><strong><em>iis</em></strong></span> <span class='ocrx_word' id='word_1_316' title='bbox 1127 1975 1237 2031; x_wconf 87' lang='lat' dir='ltr'><strong><em>data,</em></strong></span> <span class='ocrx_word' id='word_1_317' title='bbox 1266 1979 1340 2018; x_wconf 85' lang='lat' dir='ltr'><strong><em>aut</em></strong></span> <span class='ocrx_word' id='word_1_318' title='bbox 1368 1974 1406 2018; x_wconf 92' lang='lat' dir='ltr'><strong><em>si</em></strong></span> <span class='ocrx_word' id='word_1_319' title='bbox 1436 1973 1509 2029; x_wconf 89' lang='lat' dir='ltr'><strong><em>qui</em></strong></span> <span class='ocrx_word' id='word_1_320' title='bbox 1529 1972 1709 2017; x_wconf 76' lang='lat' dir='ltr'><strong><em>caelibes</em></strong></span> <span class='ocrx_word' id='word_1_321' title='bbox 1738 1976 1886 2029; x_wconf 82' lang='lat' dir='ltr'><strong><em>essent,</em></strong></span> <span class='ocrx_word' id='word_1_322' title='bbox 1915 1985 2012 2016; x_wconf 83' lang='lat' dir='ltr'><strong><em>oum</em></strong></span> <span class='ocrx_word' id='word_1_323' title='bbox 2043 1971 2099 2018; x_wconf 86' lang='lat' dir='ltr'><strong><em>iis</em></strong></span> 
     </span>
     <span class='ocr_line' id='line_1_29' title="bbox 402 2038 2098 2098; baseline 0.001 -15"><span class='ocrx_word' id='word_1_324' title='bbox 402 2054 509 2095; x_wconf 89' lang='lat' dir='ltr'><strong><em>quas</em></strong></span> <span class='ocrx_word' id='word_1_325' title='bbox 539 2047 684 2096; x_wconf 85' lang='lat' dir='ltr'><strong><em>postea</em></strong></span> <span class='ocrx_word' id='word_1_326' title='bbox 713 2042 930 2087; x_wconf 87' lang='lat' dir='ltr'><strong><em>duxissent</em></strong></span> <span class='ocrx_word' id='word_1_327' title='bbox 959 2043 1179 2086; x_wconf 85' lang='lat' dir='ltr'><strong><em>dumtaxat</em></strong></span> <span class='ocrx_word' id='word_1_328' title='bbox 1208 2040 1365 2098; x_wconf 87' lang='lat' dir='ltr'><strong><em>singuli</em></strong></span> <span class='ocrx_word' id='word_1_329' title='bbox 1394 2041 1597 2097; x_wconf 84' lang='lat' dir='ltr'><strong><em>singulas.</em></strong></span> <span class='ocrx_word' id='word_1_330' title='bbox 1655 2041 1706 2083; x_wconf 90' lang='lat' dir='ltr'><strong><em>A.</em></strong></span> <span class='ocrx_word' id='word_1_331' title='bbox 1738 2039 1778 2083; x_wconf 88' lang='lat' dir='ltr'><strong><em>d.</em></strong></span> <span class='ocrx_word' id='word_1_332' title='bbox 1808 2039 1913 2083; x_wconf 91' lang='lat' dir='ltr'><strong><em>XVI</em></strong></span> <span class='ocrx_word' id='word_1_333' title='bbox 1941 2039 1984 2084; x_wconf 86' lang='lat' dir='ltr'><strong><em>k.</em></strong></span> <span class='ocrx_word' id='word_1_334' title='bbox 2014 2038 2098 2086; x_wconf 88' lang='lat' dir='ltr'><strong><em>Do-</em></strong></span> 
     </span>
     <span class='ocr_line' id='line_1_30' title="bbox 401 2107 1593 2165; baseline 0.003 -16"><span class='ocrx_word' id='word_1_335' title='bbox 401 2107 519 2151; x_wconf 88' lang='lat' dir='ltr'><strong><em>mit.¹⁰</em></strong></span> <span class='ocrx_word' id='word_1_336' title='bbox 547 2109 597 2152; x_wconf 86' lang='grc' dir='ltr'><strong><em>Τ.</em></strong></span> <span class='ocrx_word' id='word_1_337' title='bbox 621 2109 854 2165; x_wconf 90' lang='lat' dir='ltr'><strong><em>Pomponio</em></strong></span> <span class='ocrx_word' id='word_1_338' title='bbox 885 2111 1016 2154; x_wconf 91' lang='lat' dir='ltr'><strong><em>Basso</em></strong></span> <span class='ocrx_word' id='word_1_339' title='bbox 1048 2111 1094 2153; x_wconf 87' lang='lat' dir='ltr'><strong><em>L.</em></strong></span> <span class='ocrx_word' id='word_1_340' title='bbox 1118 2109 1223 2154; x_wconf 87' lang='lat' dir='ltr'><strong><em>Silio</em></strong></span> <span class='ocrx_word' id='word_1_341' title='bbox 1254 2109 1443 2154; x_wconf 87' lang='lat' dir='ltr'><strong><em>Deciano</em></strong></span> <span class='ocrx_word' id='word_1_342' title='bbox 1474 2108 1593 2153; x_wconf 83' lang='lat' dir='ltr'><strong><em>eos.¹¹</em></strong></span> 
     </span>
    </p>

    <p class='ocr_par' dir='ltr' id='par_1_10' title="bbox 407 2172 2098 2298">
     <span class='ocr_line' id='line_1_31' title="bbox 517 2172 2098 2232; baseline 0.001 -13"><span class='ocrx_word' id='word_1_343' title='bbox 517 2176 671 2220; x_wconf 87' lang='lat' dir='ltr'><strong><em>eohort.</em></strong></span> <span class='ocrx_word' id='word_1_344' title='bbox 703 2178 724 2219; x_wconf 93' lang='lat' dir='ltr'><strong><em>I</em></strong></span> <span class='ocrx_word' id='word_1_345' title='bbox 756 2176 1105 2232; x_wconf 87' lang='lat' dir='ltr'><strong><em>Cisipadensium,</em></strong></span> <span class='ocrx_word' id='word_1_346' title='bbox 1139 2176 1208 2221; x_wconf 89' lang='lat' dir='ltr'><strong><em>eui</em></strong></span> <span class='ocrx_word' id='word_1_347' title='bbox 1236 2181 1377 2232; x_wconf 87' lang='lat' dir='ltr'><strong><em>praest</em></strong></span> <span class='ocrx_word' id='word_1_348' title='bbox 1406 2177 1453 2220; x_wconf 93' lang='lat' dir='ltr'><strong><em>L.</em></strong></span> <span class='ocrx_word' id='word_1_349' title='bbox 1478 2177 1638 2221; x_wconf 82' lang='lat' dir='ltr'><strong><em>Cilnius</em></strong></span> <span class='ocrx_word' id='word_1_350' title='bbox 1668 2174 1752 2219; x_wconf 82' lang='lat' dir='ltr'><em>L.¹²</em></span> <span class='ocrx_word' id='word_1_351' title='bbox 1785 2172 1815 2216; x_wconf 83' lang='lat' dir='ltr'><strong><em>f·</em></strong></span> <span class='ocrx_word' id='word_1_352' title='bbox 1844 2175 1998 2220; x_wconf 84' lang='lat' dir='ltr'><strong><em>Pom.¹³</em></strong></span> <span class='ocrx_word' id='word_1_353' title='bbox 2028 2176 2098 2221; x_wconf 83' lang='lat' dir='ltr'><strong><em>Se·</em></strong></span> 
     </span>
     <span class='ocr_line' id='line_1_32' title="bbox 407 2243 1442 2298; baseline 0.002 -13"><span class='ocrx_word' id='word_1_354' title='bbox 407 2243 583 2298; x_wconf 86' lang='lat' dir='ltr'><strong><em>eundus,</em></strong></span> <span class='ocrx_word' id='word_1_355' title='bbox 612 2243 760 2298; x_wconf 86' lang='lat' dir='ltr'><strong><em>pediti:</em></strong></span> <span class='ocrx_word' id='word_1_356' title='bbox 800 2245 846 2288; x_wconf 89' lang='lat' dir='ltr'><em>L.</em></span> <span class='ocrx_word' id='word_1_357' title='bbox 868 2244 1013 2289; x_wconf 83' lang='lat' dir='ltr'><strong><em>Cassio</em></strong></span> <span class='ocrx_word' id='word_1_358' title='bbox 1045 2245 1164 2289; x_wconf 85' lang='lat' dir='ltr'><strong><em>Cassi</em></strong></span> <span class='ocrx_word' id='word_1_359' title='bbox 1191 2244 1221 2288; x_wconf 79' lang='lat' dir='ltr'><strong><em>f.</em></strong></span> <span class='ocrx_word' id='word_1_360' title='bbox 1253 2244 1442 2288; x_wconf 85' lang='lat' dir='ltr'><strong><em>Larisen.</em></strong></span> 
     </span>
    </p>

    <p class='ocr_par' dir='ltr' id='par_1_11' title="bbox 401 2310 2099 2567">
     <span class='ocr_line' id='line_1_33' title="bbox 516 2310 2099 2367; baseline 0.002 -14"><span class='ocrx_word' id='word_1_361' title='bbox 516 2310 780 2366; x_wconf 81' lang='lat' dir='ltr'><strong><em>Deseriptum</em></strong></span> <span class='ocrx_word' id='word_1_362' title='bbox 813 2317 852 2354; x_wconf 90' lang='lat' dir='ltr'><strong><em>et</em></strong></span> <span class='ocrx_word' id='word_1_363' title='bbox 879 2311 1139 2366; x_wconf 81' lang='lat' dir='ltr'><strong><em>recognitum</em></strong></span> <span class='ocrx_word' id='word_1_364' title='bbox 1170 2326 1222 2356; x_wconf 85' lang='lat' dir='ltr'><strong><em>ex</em></strong></span> <span class='ocrx_word' id='word_1_365' title='bbox 1248 2312 1393 2356; x_wconf 88' lang='lat' dir='ltr'><strong><em>tabula</em></strong></span> <span class='ocrx_word' id='word_1_366' title='bbox 1420 2326 1554 2355; x_wconf 85' lang='lat' dir='ltr'><strong><em>aenea</em></strong></span> <span class='ocrx_word' id='word_1_367' title='bbox 1583 2325 1694 2367; x_wconf 87' lang='lat' dir='ltr'><strong><em>quae</em></strong></span> <span class='ocrx_word' id='word_1_368' title='bbox 1720 2311 1812 2355; x_wconf 80' lang='lat' dir='ltr'><strong><em>fixa</em></strong></span> <span class='ocrx_word' id='word_1_369' title='bbox 1841 2316 1902 2356; x_wconf 86' lang='lat' dir='ltr'><strong><em>est</em></strong></span> <span class='ocrx_word' id='word_1_370' title='bbox 1935 2311 2099 2357; x_wconf 82' lang='lat' dir='ltr'><strong><em>Romae</em></strong></span> 
     </span>
     <span class='ocr_line' id='line_1_34' title="bbox 401 2376 2096 2435; baseline 0.002 -16"><span class='ocrx_word' id='word_1_371' title='bbox 401 2376 445 2419; x_wconf 91' lang='lat' dir='ltr'><strong><em>in</em></strong></span> <span class='ocrx_word' id='word_1_372' title='bbox 477 2391 596 2421; x_wconf 89' lang='lat' dir='ltr'><strong><em>muro</em></strong></span> <span class='ocrx_word' id='word_1_373' title='bbox 632 2383 725 2431; x_wconf 84' lang='lat' dir='ltr'><strong><em>post</em></strong></span> <span class='ocrx_word' id='word_1_374' title='bbox 762 2380 963 2435; x_wconf 88' lang='lat' dir='ltr'><strong><em>templum</em></strong></span> <span class='ocrx_word' id='word_1_375' title='bbox 1005 2379 1093 2422; x_wconf 87' lang='lat' dir='ltr'><strong><em>divi</em></strong></span> <span class='ocrx_word' id='word_1_376' title='bbox 1130 2380 1241 2435; x_wconf 85' lang='lat' dir='ltr'><strong><em>Aug.</em></strong></span> <span class='ocrx_word' id='word_1_377' title='bbox 1277 2379 1334 2423; x_wconf 83' lang='lat' dir='ltr'><strong><em>ad</em></strong></span> <span class='ocrx_word' id='word_1_378' title='bbox 1363 2378 1608 2423; x_wconf 85' lang='lat' dir='ltr'><strong><em>Minervam.</em></strong></span> <span class='ocrx_word' id='word_1_379' title='bbox 1669 2379 1717 2431; x_wconf 79' lang='lat' dir='ltr'><strong><em>Q.</em></strong></span> <span class='ocrx_word' id='word_1_380' title='bbox 1751 2378 1843 2423; x_wconf 78' lang='lat' dir='ltr'><strong><em>Orsi</em></strong></span> <span class='ocrx_word' id='word_1_381' title='bbox 1875 2377 2014 2435; x_wconf 82' lang='lat' dir='ltr'><strong><em>Cupiti</em></strong></span> <span class='ocrx_word' id='word_1_382' title='bbox 2043 2406 2096 2412; x_wconf 90' lang='lat'><strong>—</strong></span> 
     </span>
     <span class='ocr_line' id='line_1_35' title="bbox 402 2443 2096 2502; baseline 0.001 -13"><span class='ocrx_word' id='word_1_383' title='bbox 402 2445 447 2489; x_wconf 81' lang='lat' dir='ltr'><strong><em>G.</em></strong></span> <span class='ocrx_word' id='word_1_384' title='bbox 482 2443 564 2487; x_wconf 90' lang='lat' dir='ltr'><strong><em>Iuli</em></strong></span> <span class='ocrx_word' id='word_1_385' title='bbox 595 2444 809 2488; x_wconf 83' lang='lat' dir='ltr'><strong><em>Saturnini</em></strong></span> <span class='ocrx_word' id='word_1_386' title='bbox 844 2471 899 2476; x_wconf 92' lang='lat'><strong><em>——</em></strong></span> <span class='ocrx_word' id='word_1_387' title='bbox 929 2447 978 2499; x_wconf 83' lang='lat' dir='ltr'><strong><em>Q.</em></strong></span> <span class='ocrx_word' id='word_1_388' title='bbox 1011 2446 1164 2490; x_wconf 90' lang='lat' dir='ltr'><strong><em>Aemili</em></strong></span> <span class='ocrx_word' id='word_1_389' title='bbox 1193 2446 1399 2491; x_wconf 81' lang='lat' dir='ltr'><strong><em>Soteriehi</em></strong></span> <span class='ocrx_word' id='word_1_390' title='bbox 1429 2472 1484 2477; x_wconf 97' lang='lat'><strong>—</strong></span> <span class='ocrx_word' id='word_1_391' title='bbox 1515 2447 1561 2489; x_wconf 92' lang='lat' dir='ltr'><strong><em>L.</em></strong></span> <span class='ocrx_word' id='word_1_392' title='bbox 1594 2445 1705 2489; x_wconf 90' lang='lat' dir='ltr'><strong><em>Pulli</em></strong></span> <span class='ocrx_word' id='word_1_393' title='bbox 1735 2445 1898 2502; x_wconf 84' lang='lat' dir='ltr'><strong><em>Sperati</em></strong></span> <span class='ocrx_word' id='word_1_394' title='bbox 1935 2471 1993 2478; x_wconf 94' lang='grc'><strong><em>--</em></strong></span> <span class='ocrx_word' id='word_1_395' title='bbox 2022 2448 2096 2493; x_wconf 83' lang='lat' dir='ltr'><strong><em>Cn.</em></strong></span> 
     </span>
     <span class='ocr_line' id='line_1_36' title="bbox 402 2511 1827 2567; baseline 0.002 -13"><span class='ocrx_word' id='word_1_396' title='bbox 402 2511 555 2567; x_wconf 85' lang='lat' dir='ltr'><strong><em>Egnati</em></strong></span> <span class='ocrx_word' id='word_1_397' title='bbox 576 2512 724 2557; x_wconf 84' lang='lat' dir='ltr'><strong><em>Vitalis</em></strong></span> <span class='ocrx_word' id='word_1_398' title='bbox 752 2538 808 2543; x_wconf 97' lang='lat'><strong>—</strong></span> <span class='ocrx_word' id='word_1_399' title='bbox 844 2514 891 2556; x_wconf 91' lang='lat' dir='ltr'><strong><em>L.</em></strong></span> <span class='ocrx_word' id='word_1_400' title='bbox 913 2514 1024 2557; x_wconf 87' lang='lat' dir='ltr'><strong><em>Pulli</em></strong></span> <span class='ocrx_word' id='word_1_401' title='bbox 1057 2515 1288 2558; x_wconf 84' lang='lat' dir='ltr'><strong><em>Heraclaes</em></strong></span> <span class='ocrx_word' id='word_1_402' title='bbox 1318 2540 1373 2546; x_wconf 88' lang='lat'>—</span> <span class='ocrx_word' id='word_1_403' title='bbox 1403 2515 1451 2557; x_wconf 92' lang='lat' dir='ltr'><strong><em>P.</em></strong></span> <span class='ocrx_word' id='word_1_404' title='bbox 1475 2512 1598 2558; x_wconf 83' lang='lat' dir='ltr'><strong><em>Gauli</em></strong></span> <span class='ocrx_word' id='word_1_405' title='bbox 1625 2511 1827 2558; x_wconf 75' lang='lat' dir='ltr'><strong><em>Vitalis¹⁴.</em></strong></span> 
     </span>
    </p>
   </div>
   <div class='ocr_carea' id='block_1_10' title="bbox 397 2590 2146 3198">
    <p class='ocr_par' dir='ltr' id='par_1_12' title="bbox 397 2590 2146 3198">
     <span class='ocr_line' id='line_1_37' title="bbox 513 2590 2099 2637; baseline 0.003 -12"><span class='ocrx_word' id='word_1_406' title='bbox 513 2590 722 2637; x_wconf 76' lang='lat' dir='ltr'><strong><em>Diptyehon</em></strong></span> <span class='ocrx_word' id='word_1_407' title='bbox 749 2602 915 2636; x_wconf 91' lang='lat' dir='ltr'><strong><em>aeneum,</em></strong></span> <span class='ocrx_word' id='word_1_408' title='bbox 944 2603 1063 2637; x_wconf 87' lang='lat' dir='ltr'><strong><em>prope</em></strong></span> <span class='ocrx_word' id='word_1_409' title='bbox 1093 2592 1246 2628; x_wconf 86' lang='lat' dir='ltr'><strong><em>Widdin</em></strong></span> <span class='ocrx_word' id='word_1_410' title='bbox 1274 2603 1360 2637; x_wconf 90' lang='lat' dir='ltr'><strong><em>rep.,</em></strong></span> <span class='ocrx_word' id='word_1_411' title='bbox 1397 2595 1451 2628; x_wconf 87' lang='lat' dir='ltr'><strong><em>est</em></strong></span> <span class='ocrx_word' id='word_1_412' title='bbox 1474 2591 1595 2636; x_wconf 80' lang='lat' dir='ltr'><strong><em>Sosiae</em></strong></span> <span class='ocrx_word' id='word_1_413' title='bbox 1623 2590 1714 2637; x_wconf 89' lang='lat' dir='ltr'><strong><em>(III</em></strong></span> <span class='ocrx_word' id='word_1_414' title='bbox 1731 2602 1768 2637; x_wconf 86' lang='lat' dir='ltr'><strong><em>p.</em></strong></span> <span class='ocrx_word' id='word_1_415' title='bbox 1791 2593 1907 2637; x_wconf 84' lang='lat'><strong><em>2328,</em></strong></span> <span class='ocrx_word' id='word_1_416' title='bbox 1935 2593 1985 2628; x_wconf 90' lang='grc'><strong><em>66</em></strong></span> <span class='ocrx_word' id='word_1_417' title='bbox 2007 2592 2099 2629; x_wconf 87' lang='lat' dir='ltr'><strong><em>ima-</em></strong></span> 
     </span>
     <span class='ocr_line' id='line_1_38' title="bbox 397 2647 2099 2694; baseline 0.002 -12"><span class='ocrx_word' id='word_1_418' title='bbox 397 2647 520 2692; x_wconf 78' lang='lat' dir='ltr'><strong><em>qinem</em></strong></span> <span class='ocrx_word' id='word_1_419' title='bbox 561 2647 660 2682; x_wconf 84' lang='lat' dir='ltr'><strong><em>dedit</em></strong></span> <span class='ocrx_word' id='word_1_420' title='bbox 694 2647 887 2683; x_wconf 89' lang='lat' dir='ltr'><strong><em>Bormann</em></strong></span> <span class='ocrx_word' id='word_1_421' title='bbox 924 2651 1064 2684; x_wconf 87' lang='lat' dir='ltr'><strong><em>oesterr.</em></strong></span> <span class='ocrx_word' id='word_1_422' title='bbox 1096 2648 1264 2684; x_wconf 86' lang='lat' dir='ltr'><strong><em>Jahresh.</em></strong></span> <span class='ocrx_word' id='word_1_423' title='bbox 1289 2648 1319 2683; x_wconf 89' lang='lat' dir='ltr'><strong><em>I</em></strong></span> <span class='ocrx_word' id='word_1_424' title='bbox 1348 2649 1451 2683; x_wconf 85' lang='grc'><em>1898</em></span> <span class='ocrx_word' id='word_1_425' title='bbox 1478 2658 1514 2694; x_wconf 89' lang='grc' dir='ltr'><strong><em>Ρ.</em></strong></span> <span class='ocrx_word' id='word_1_426' title='bbox 1537 2648 1608 2684; x_wconf 84' lang='grc'><strong><em>174</em></strong></span> <span class='ocrx_word' id='word_1_427' title='bbox 1619 2658 1690 2693; x_wconf 80' lang='lat' dir='ltr'><strong><em>seq.</em></strong></span> <span class='ocrx_word' id='word_1_428' title='bbox 1714 2648 1867 2684; x_wconf 83' lang='lat' dir='ltr'><strong><em>contulit</em></strong></span> <span class='ocrx_word' id='word_1_429' title='bbox 1887 2648 2031 2694; x_wconf 82' lang='lat' dir='ltr'><strong><em>Filow).</em></strong></span> <span class='ocrx_word' id='word_1_430' title='bbox 2054 2670 2099 2676; x_wconf 87' lang='lat'><strong>—</strong></span> 
     </span>
     <span class='ocr_line' id='line_1_39' title="bbox 404 2703 2100 2750; baseline 0.002 -12"><span class='ocrx_word' id='word_1_431' title='bbox 404 2706 435 2746; x_wconf 90' lang='lat'><strong><em>1)</em></strong></span> <span class='ocrx_word' id='word_1_432' title='bbox 455 2703 501 2739; x_wconf 82' lang='lat' dir='ltr'><strong><em>A.</em></strong></span> <span class='ocrx_word' id='word_1_433' title='bbox 517 2704 576 2738; x_wconf 88' lang='grc'><strong><em>93.</em></strong></span> <span class='ocrx_word' id='word_1_434' title='bbox 593 2723 637 2727; x_wconf 92' lang='lat'><strong><em>-—</em></strong></span> <span class='ocrx_word' id='word_1_435' title='bbox 654 2706 687 2746; x_wconf 87' lang='lat'><strong><em>2)</em></strong></span> <span class='ocrx_word' id='word_1_436' title='bbox 704 2704 814 2739; x_wconf 87' lang='lat' dir='ltr'><strong><em>Alam</em></strong></span> <span class='ocrx_word' id='word_1_437' title='bbox 828 2704 929 2750; x_wconf 86' lang='lat' dir='ltr'><strong><em>hanc,</em></strong></span> <span class='ocrx_word' id='word_1_438' title='bbox 948 2704 990 2740; x_wconf 88' lang='lat' dir='ltr'><strong><em>de</em></strong></span> <span class='ocrx_word' id='word_1_439' title='bbox 1005 2716 1077 2749; x_wconf 80' lang='lat' dir='ltr'><strong><em>qua</em></strong></span> <span class='ocrx_word' id='word_1_440' title='bbox 1093 2704 1139 2748; x_wconf 81' lang='lat' dir='ltr'><strong><em>cf.</em></strong></span> <span class='ocrx_word' id='word_1_441' title='bbox 1156 2704 1203 2740; x_wconf 90' lang='lat' dir='ltr'><strong><em>N.</em></strong></span> <span class='ocrx_word' id='word_1_442' title='bbox 1220 2705 1321 2740; x_wconf 91' lang='grc'><em>9054</em></span> <span class='ocrx_word' id='word_1_443' title='bbox 1332 2706 1406 2740; x_wconf 82' lang='lat' dir='ltr'><strong><em>not.</em></strong></span> <span class='ocrx_word' id='word_1_444' title='bbox 1419 2705 1455 2747; x_wconf 85' lang='lat'><strong><em>3,</em></strong></span> <span class='ocrx_word' id='word_1_445' title='bbox 1471 2715 1551 2739; x_wconf 82' lang='lat' dir='ltr'><strong><em>cum</em></strong></span> <span class='ocrx_word' id='word_1_446' title='bbox 1566 2703 1767 2740; x_wconf 78' lang='lat' dir='ltr'><strong><em>cohortibus</em></strong></span> <span class='ocrx_word' id='word_1_447' title='bbox 1784 2706 1891 2741; x_wconf 79' lang='lat' dir='ltr'><strong><em>tertia</em></strong></span> <span class='ocrx_word' id='word_1_448' title='bbox 1906 2705 2100 2742; x_wconf 74' lang='lat' dir='ltr'><strong><em>Gallorum</em></strong></span> 
     </span>
     <span class='ocr_line' id='line_1_40' title="bbox 401 2759 2102 2805; baseline 0.002 -11"><span class='ocrx_word' id='word_1_449' title='bbox 401 2762 437 2795; x_wconf 88' lang='lat' dir='ltr'><strong><em>et</em></strong></span> <span class='ocrx_word' id='word_1_450' title='bbox 457 2760 586 2804; x_wconf 78' lang='lat' dir='ltr'><strong><em>quinta</em></strong></span> <span class='ocrx_word' id='word_1_451' title='bbox 601 2759 857 2805; x_wconf 83' lang='lat' dir='ltr'><strong><em>Hispanorum</em></strong></span> <span class='ocrx_word' id='word_1_452' title='bbox 882 2771 978 2796; x_wconf 91' lang='lat' dir='ltr'><strong><em>anno</em></strong></span> <span class='ocrx_word' id='word_1_453' title='bbox 997 2762 1049 2796; x_wconf 85' lang='lat'><strong><em>82</em></strong></span> <span class='ocrx_word' id='word_1_454' title='bbox 1064 2772 1108 2796; x_wconf 73' lang='lat' dir='ltr'><strong><em>eac</em></strong></span> <span class='ocrx_word' id='word_1_455' title='bbox 1127 2760 1329 2797; x_wconf 89' lang='lat' dir='ltr'><strong><em>Germania</em></strong></span> <span class='ocrx_word' id='word_1_456' title='bbox 1351 2761 1393 2795; x_wconf 91' lang='lat' dir='ltr'><strong><em>in</em></strong></span> <span class='ocrx_word' id='word_1_457' title='bbox 1409 2759 1589 2796; x_wconf 85' lang='lat' dir='ltr'><strong><em>Moesiam</em></strong></span> <span class='ocrx_word' id='word_1_458' title='bbox 1613 2760 1832 2797; x_wconf 85' lang='lat' dir='ltr'><strong><em>translatam</em></strong></span> <span class='ocrx_word' id='word_1_459' title='bbox 1855 2772 1930 2797; x_wconf 87' lang='lat' dir='ltr'><strong><em>esse</em></strong></span> <span class='ocrx_word' id='word_1_460' title='bbox 1945 2762 2102 2798; x_wconf 85' lang='lat' dir='ltr'><strong><em>ostendit</em></strong></span> 
     </span>
     <span class='ocr_line' id='line_1_41' title="bbox 402 2815 2099 2862; baseline 0.002 -11"><span class='ocrx_word' id='word_1_461' title='bbox 402 2815 566 2862; x_wconf 82' lang='lat' dir='ltr'><strong><em>diploma</em></strong></span> <span class='ocrx_word' id='word_1_462' title='bbox 588 2826 702 2861; x_wconf 87' lang='lat' dir='ltr'><strong><em>supra</em></strong></span> <span class='ocrx_word' id='word_1_463' title='bbox 725 2816 771 2852; x_wconf 89' lang='lat' dir='ltr'><strong><em>N.</em></strong></span> <span class='ocrx_word' id='word_1_464' title='bbox 788 2817 896 2852; x_wconf 87' lang='lat'><em>1995.</em></span> <span class='ocrx_word' id='word_1_465' title='bbox 944 2816 1077 2852; x_wconf 77' lang='lat' dir='ltr'><strong><em>Cohors</em></strong></span> <span class='ocrx_word' id='word_1_466' title='bbox 1102 2816 1208 2852; x_wconf 85' lang='lat' dir='ltr'><strong><em>tertia</em></strong></span> <span class='ocrx_word' id='word_1_467' title='bbox 1236 2816 1427 2853; x_wconf 87' lang='lat' dir='ltr'><strong><em>Gallorum</em></strong></span> <span class='ocrx_word' id='word_1_468' title='bbox 1452 2815 1640 2852; x_wconf 79' lang='lat' dir='ltr'><strong><em>adtributa</em></strong></span> <span class='ocrx_word' id='word_1_469' title='bbox 1667 2818 1720 2852; x_wconf 88' lang='lat' dir='ltr'><strong><em>est</em></strong></span> <span class='ocrx_word' id='word_1_470' title='bbox 1741 2816 1902 2853; x_wconf 87' lang='lat' dir='ltr'><strong><em>Moesiae</em></strong></span> <span class='ocrx_word' id='word_1_471' title='bbox 1929 2817 2099 2862; x_wconf 78' lang='lat' dir='ltr'><strong><em>inferiori</em></strong></span> 
     </span>
     <span class='ocr_line' id='line_1_42' title="bbox 400 2871 2099 2918; baseline 0.001 -10"><span class='ocrx_word' id='word_1_472' title='bbox 400 2873 536 2918; x_wconf 86' lang='lat' dir='ltr'><strong><em>(supra</em></strong></span> <span class='ocrx_word' id='word_1_473' title='bbox 548 2871 597 2907; x_wconf 90' lang='lat' dir='ltr'><strong><em>N.</em></strong></span> <span class='ocrx_word' id='word_1_474' title='bbox 607 2873 731 2915; x_wconf 87' lang='lat'><strong><em>1999),</em></strong></span> <span class='ocrx_word' id='word_1_475' title='bbox 747 2872 809 2907; x_wconf 93' lang='lat' dir='ltr'><strong><em>ala</em></strong></span> <span class='ocrx_word' id='word_1_476' title='bbox 822 2872 977 2908; x_wconf 83' lang='lat' dir='ltr'><strong><em>Claudia</em></strong></span> <span class='ocrx_word' id='word_1_477' title='bbox 993 2874 1029 2908; x_wconf 92' lang='lat' dir='ltr'><strong><em>et</em></strong></span> <span class='ocrx_word' id='word_1_478' title='bbox 1041 2874 1165 2908; x_wconf 78' lang='lat' dir='ltr'><strong><em>cohors</em></strong></span> <span class='ocrx_word' id='word_1_479' title='bbox 1180 2873 1308 2918; x_wconf 79' lang='lat' dir='ltr'><strong><em>quinta</em></strong></span> <span class='ocrx_word' id='word_1_480' title='bbox 1319 2872 1582 2918; x_wconf 81' lang='lat' dir='ltr'><strong><em>Hispanorum,</em></strong></span> <span class='ocrx_word' id='word_1_481' title='bbox 1599 2874 1643 2908; x_wconf 89' lang='lat' dir='ltr'><strong><em>ut</em></strong></span> <span class='ocrx_word' id='word_1_482' title='bbox 1655 2872 1732 2908; x_wconf 88' lang='lat' dir='ltr'><strong><em>iam</em></strong></span> <span class='ocrx_word' id='word_1_483' title='bbox 1747 2873 1919 2918; x_wconf 73' lang='lat' dir='ltr'><strong><em>videmus,</em></strong></span> <span class='ocrx_word' id='word_1_484' title='bbox 1938 2873 2099 2910; x_wconf 85' lang='lat' dir='ltr'><strong><em>Moesiae</em></strong></span> 
     </span>
     <span class='ocr_line' id='line_1_43' title="bbox 400 2925 2145 2973; baseline 0.002 -10"><span class='ocrx_word' id='word_1_485' title='bbox 400 2928 592 2973; x_wconf 80' lang='lat' dir='ltr'><strong><em>superiori.</em></strong></span> <span class='ocrx_word' id='word_1_486' title='bbox 634 2928 793 2964; x_wconf 80' lang='lat' dir='ltr'><strong><em>Ceterum</em></strong></span> <span class='ocrx_word' id='word_1_487' title='bbox 809 2930 844 2963; x_wconf 88' lang='lat' dir='ltr'><strong><em>et</em></strong></span> <span class='ocrx_word' id='word_1_488' title='bbox 859 2930 930 2963; x_wconf 87' lang='lat' dir='ltr'><strong><em>tres</em></strong></span> <span class='ocrx_word' id='word_1_489' title='bbox 946 2928 1026 2964; x_wconf 91' lang='lat' dir='ltr'><strong><em>alae</em></strong></span> <span class='ocrx_word' id='word_1_490' title='bbox 1042 2931 1076 2964; x_wconf 89' lang='lat' dir='ltr'><strong><em>et</em></strong></span> <span class='ocrx_word' id='word_1_491' title='bbox 1089 2939 1215 2964; x_wconf 90' lang='lat' dir='ltr'><strong><em>novem</em></strong></span> <span class='ocrx_word' id='word_1_492' title='bbox 1231 2925 1388 2965; x_wconf 59' lang='lat' dir='ltr'><strong><em>cohortes</em></strong></span> <span class='ocrx_word' id='word_1_493' title='bbox 1405 2928 1513 2964; x_wconf 90' lang='lat' dir='ltr'><strong><em>huius</em></strong></span> <span class='ocrx_word' id='word_1_494' title='bbox 1529 2928 1737 2973; x_wconf 83' lang='lat' dir='ltr'><strong><em>diplomatis</em></strong></span> <span class='ocrx_word' id='word_1_495' title='bbox 1754 2929 1906 2966; x_wconf 85' lang='lat' dir='ltr'><strong><em>redeunt</em></strong></span> <span class='ocrx_word' id='word_1_496' title='bbox 1918 2929 1967 2966; x_wconf 94' lang='lat' dir='ltr'><strong><em>N.</em></strong></span> <span class='ocrx_word' id='word_1_497' title='bbox 1985 2931 2098 2966; x_wconf 87' lang='grc'><em>9054.</em></span> <span class='ocrx_word' id='word_1_498' title='bbox 2142 2929 2145 2935; x_wconf 81' lang='lat'><em>&#39;</em></span> 
     </span>
     <span class='ocr_line' id='line_1_44' title="bbox 402 2983 2098 3031; baseline 0.002 -12"><span class='ocrx_word' id='word_1_499' title='bbox 402 3004 446 3010; x_wconf 92' lang='lat'><strong>—</strong></span> <span class='ocrx_word' id='word_1_500' title='bbox 470 2987 502 3026; x_wconf 89' lang='lat'><strong><em>3)</em></strong></span> <span class='ocrx_word' id='word_1_501' title='bbox 530 2983 586 3029; x_wconf 80' lang='lat' dir='ltr'><strong><em>Of.</em></strong></span> <span class='ocrx_word' id='word_1_502' title='bbox 602 2994 716 3030; x_wconf 89' lang='lat' dir='ltr'><strong><em>supra</em></strong></span> <span class='ocrx_word' id='word_1_503' title='bbox 731 2983 779 3020; x_wconf 90' lang='lat' dir='ltr'><strong><em>N.</em></strong></span> <span class='ocrx_word' id='word_1_504' title='bbox 795 2985 907 3020; x_wconf 89' lang='lat'><em>2539.</em></span> <span class='ocrx_word' id='word_1_505' title='bbox 923 2985 1038 3020; x_wconf 82' lang='grc'><em>2724.</em></span> <span class='ocrx_word' id='word_1_506' title='bbox 1062 3005 1107 3010; x_wconf 90' lang='grc'><strong>-</strong></span> <span class='ocrx_word' id='word_1_507' title='bbox 1129 2987 1164 3028; x_wconf 86' lang='grc'><strong><em>4)</em></strong></span> <span class='ocrx_word' id='word_1_508' title='bbox 1191 2984 1247 3029; x_wconf 79' lang='lat' dir='ltr'><strong><em>Of.</em></strong></span> <span class='ocrx_word' id='word_1_509' title='bbox 1271 2984 1348 3020; x_wconf 89' lang='lat' dir='ltr'><strong><em>III</em></strong></span> <span class='ocrx_word' id='word_1_510' title='bbox 1361 2985 1497 3020; x_wconf 85' lang='grc'><em>14429.</em></span> <span class='ocrx_word' id='word_1_511' title='bbox 1531 2984 1562 3019; x_wconf 83' lang='lat' dir='ltr'><em>V</em></span> <span class='ocrx_word' id='word_1_512' title='bbox 1579 2986 1680 3020; x_wconf 89' lang='grc'><em>8185</em></span> <span class='ocrx_word' id='word_1_513' title='bbox 1693 2987 1792 3031; x_wconf 75' lang='lat' dir='ltr'><strong><em>(qens</em></strong></span> <span class='ocrx_word' id='word_1_514' title='bbox 1810 2985 2026 3031; x_wconf 85' lang='lat' dir='ltr'><strong><em>Cisipadum</em></strong></span> <span class='ocrx_word' id='word_1_515' title='bbox 2042 2997 2098 3022; x_wconf 86' lang='lat' dir='ltr'><strong><em>ac·</em></strong></span> 
     </span>
     <span class='ocr_line' id='line_1_45' title="bbox 401 3038 2096 3087; baseline 0.002 -13"><span class='ocrx_word' id='word_1_516' title='bbox 401 3038 479 3074; x_wconf 88' lang='lat' dir='ltr'><strong><em>cola</em></strong></span> <span class='ocrx_word' id='word_1_517' title='bbox 502 3039 625 3085; x_wconf 80' lang='lat' dir='ltr'><strong><em>Syrtis</em></strong></span> <span class='ocrx_word' id='word_1_518' title='bbox 647 3040 806 3084; x_wconf 82' lang='lat' dir='ltr'><strong><em>maioris,</em></strong></span> <span class='ocrx_word' id='word_1_519' title='bbox 831 3040 930 3076; x_wconf 86' lang='lat' dir='ltr'><strong><em>Plin.</em></strong></span> <span class='ocrx_word' id='word_1_520' title='bbox 954 3040 987 3076; x_wconf 93' lang='lat' dir='ltr'><strong><em>h.</em></strong></span> <span class='ocrx_word' id='word_1_521' title='bbox 1004 3051 1040 3076; x_wconf 93' lang='lat' dir='ltr'><strong><em>n.</em></strong></span> <span class='ocrx_word' id='word_1_522' title='bbox 1059 3042 1088 3084; x_wconf 87' lang='lat'><strong><em>5,</em></strong></span> <span class='ocrx_word' id='word_1_523' title='bbox 1107 3041 1166 3084; x_wconf 82' lang='lat'><strong><em>27,</em></strong></span> <span class='ocrx_word' id='word_1_524' title='bbox 1192 3040 1336 3076; x_wconf 91' lang='lat' dir='ltr'><strong><em>monuit</em></strong></span> <span class='ocrx_word' id='word_1_525' title='bbox 1358 3040 1525 3086; x_wconf 74' lang='lat' dir='ltr'><strong><em>C‘aynat).</em></strong></span> <span class='ocrx_word' id='word_1_526' title='bbox 1550 3061 1595 3066; x_wconf 97' lang='lat'><strong>—</strong></span> <span class='ocrx_word' id='word_1_527' title='bbox 1619 3044 1654 3084; x_wconf 88' lang='lat'><strong><em>5)</em></strong></span> <span class='ocrx_word' id='word_1_528' title='bbox 1676 3041 1803 3077; x_wconf 86' lang='lat' dir='ltr'><strong><em>Huius</em></strong></span> <span class='ocrx_word' id='word_1_529' title='bbox 1824 3041 1979 3078; x_wconf 81' lang='lat' dir='ltr'><strong><em>cohortis</em></strong></span> <span class='ocrx_word' id='word_1_530' title='bbox 2000 3045 2096 3087; x_wconf 85' lang='lat' dir='ltr'><strong><em>sunt,</em></strong></span> 
     </span>
     <span class='ocr_line' id='line_1_46' title="bbox 400 3094 2100 3144; baseline 0.002 -14"><span class='ocrx_word' id='word_1_531' title='bbox 400 3097 444 3130; x_wconf 80' lang='lat' dir='ltr'><strong><em>ut</em></strong></span> <span class='ocrx_word' id='word_1_532' title='bbox 470 3094 565 3131; x_wconf 77' lang='lat' dir='ltr'><strong><em>vidit</em></strong></span> <span class='ocrx_word' id='word_1_533' title='bbox 585 3094 798 3142; x_wconf 78' lang='lat' dir='ltr'><strong><em>Ritterliny,</em></strong></span> <span class='ocrx_word' id='word_1_534' title='bbox 837 3097 972 3142; x_wconf 64' lang='lat' dir='ltr'><strong><em>tegulae</em></strong></span> <span class='ocrx_word' id='word_1_535' title='bbox 1003 3098 1163 3141; x_wconf 85' lang='lat' dir='ltr'><strong><em>repertae</em></strong></span> <span class='ocrx_word' id='word_1_536' title='bbox 1196 3096 1297 3132; x_wconf 82' lang='lat' dir='ltr'><strong><em>Turn</em></strong></span> <span class='ocrx_word' id='word_1_537' title='bbox 1321 3097 1467 3132; x_wconf 86' lang='lat' dir='ltr'><strong><em>Severin</em></strong></span> <span class='ocrx_word' id='word_1_538' title='bbox 1494 3095 1573 3138; x_wconf 80' lang='lat' dir='ltr'><strong><em>III</em></strong></span> <span class='ocrx_word' id='word_1_539' title='bbox 1591 3098 1698 3142; x_wconf 84' lang='grc'><em>1703,</em></span> <span class='ocrx_word' id='word_1_540' title='bbox 1725 3099 1748 3132; x_wconf 90' lang='grc'><em>2</em></span> <span class='ocrx_word' id='word_1_541' title='bbox 1777 3099 1812 3133; x_wconf 84' lang='lat' dir='ltr'><strong><em>et</em></strong></span> <span class='ocrx_word' id='word_1_542' title='bbox 1837 3108 1875 3143; x_wconf 86' lang='lat' dir='ltr'><strong><em>p.</em></strong></span> <span class='ocrx_word' id='word_1_543' title='bbox 1898 3099 2001 3134; x_wconf 86' lang='lat'><strong><em>2318</em></strong></span> <span class='ocrx_word' id='word_1_544' title='bbox 2031 3099 2100 3144; x_wconf 83' lang='lat' dir='ltr'><strong><em>(ad</em></strong></span> 
     </span>
     <span class='ocr_line' id='line_1_47' title="bbox 399 3151 2146 3198; baseline 0.002 -12"><span class='ocrx_word' id='word_1_545' title='bbox 399 3151 508 3195; x_wconf 79' lang='lat'><strong><em>1703,</em></strong></span> <span class='ocrx_word' id='word_1_546' title='bbox 525 3151 587 3196; x_wconf 82' lang='lat'><em>2).-</em></span> <span class='ocrx_word' id='word_1_547' title='bbox 610 3151 683 3187; x_wconf 85' lang='lat' dir='ltr'><em>coh.</em></span> <span class='ocrx_word' id='word_1_548' title='bbox 707 3153 725 3187; x_wconf 94' lang='lat' dir='ltr'><strong><em>I</em></strong></span> <span class='ocrx_word' id='word_1_549' title='bbox 749 3153 842 3198; x_wconf 84' lang='lat' dir='ltr'><strong><em>Ore.;</em></strong></span> <span class='ocrx_word' id='word_1_550' title='bbox 873 3153 995 3188; x_wconf 89' lang='lat' dir='ltr'><strong><em>eadem</em></strong></span> <span class='ocrx_word' id='word_1_551' title='bbox 1018 3154 1240 3189; x_wconf 87' lang='lat' dir='ltr'><strong><em>memoratur</em></strong></span> <span class='ocrx_word' id='word_1_552' title='bbox 1261 3151 1339 3188; x_wconf 91' lang='lat' dir='ltr'><strong><em>III</em></strong></span> <span class='ocrx_word' id='word_1_553' title='bbox 1353 3153 1457 3188; x_wconf 88' lang='grc'><em>1163.</em></span> <span class='ocrx_word' id='word_1_554' title='bbox 1496 3173 1535 3178; x_wconf 96' lang='grc'>-</span> <span class='ocrx_word' id='word_1_555' title='bbox 1574 3155 1609 3196; x_wconf 88' lang='grc'><strong><em>6)</em></strong></span> <span class='ocrx_word' id='word_1_556' title='bbox 1638 3152 1770 3189; x_wconf 79' lang='lat' dir='ltr'><strong><em>Cohors</em></strong></span> <span class='ocrx_word' id='word_1_557' title='bbox 1792 3153 1894 3198; x_wconf 87' lang='lat' dir='ltr'><strong><em>haec,</em></strong></span> <span class='ocrx_word' id='word_1_558' title='bbox 1926 3156 1970 3190; x_wconf 85' lang='lat' dir='ltr'><strong><em>ut</em></strong></span> <span class='ocrx_word' id='word_1_559' title='bbox 1990 3156 2026 3190; x_wconf 84' lang='lat' dir='ltr'><strong><em>et</em></strong></span> <span class='ocrx_word' id='word_1_560' title='bbox 2045 3164 2098 3190; x_wconf 89' lang='lat' dir='ltr'><strong><em>se·</em></strong></span> <span class='ocrx_word' id='word_1_561' title='bbox 2143 3180 2146 3183; x_wconf 84' lang='lat'><em>-</em></span> 
     </span>
    </p>
   </div>
  </div>
 </body>
</html>
