2170 3458
2106 0 2170 164 ἢ

2142 188 2146 234 ξ
2158 191 2170 228 2.

2157 243 2170 264 .

513 374 615 411 8377.
640 374 848 420 Imayinem
867 373 1103 410 Gradenwitz
1118 372 1357 409 ‘Simulacra’
1371 371 1473 418 (add.
1486 372 1535 408 acl
1546 371 1706 408 Brunsii
1719 372 1857 419 fontes)
1873 371 1944 409 tab.
1957 373 2107 412 XXIV
2167 375 2170 378 “

514 430 607 467 8380
621 433 695 467 nol.
707 431 742 467 9.
773 430 1025 476 ‘Impetraese’
1051 429 1096 465 de
1117 430 1251 466 conatu
1271 428 1554 475 intelleyendum
1575 439 1648 465 esse
1671 429 1766 465 vidit
1787 428 1958 474 Lo'fbtedt
1975 428 2102 466 motta
2159 423 2170 440 ⁴·

401 488 434 533 3,
461 487 553 523 1912
572 497 608 533 Ρ.
627 488 712 533 183,·
741 487 788 532 cf.
820 487 938 523 Vetter
962 486 1133 522 Zeitechr.
1150 485 1180 531 f.
1197 485 1232 522 d.
1249 487 1334 522 ostr.
1355 485 1534 532 Gymnas.
1559 486 1650 523 1913
1671 496 1706 532 Ρ.
1723 485 1773 522 32

514 544 605 580 8384
627 555 693 580 εον.
719 543 900 579 Menodoti
924 545 960 579 et
977 542 1108 578 deinde
1131 542 1331 587 Menodoto‚
1347 541 1479 587 paullo
1500 545 1585 588 post
1608 542 1650 578 A.
1667 541 1837 578 Plautius
1853 541 2100 589 Synegdemus
2163 538 2166 539 ⁷

402 599 557 644 (errores
579 599 808 644 irrepserunt
829 610 874 634 eae
898 598 1106 645 apographo
1129 599 1278 644 antiquo
1301 597 1464 634 adhibito
1487 599 1532 632 X
1546 598 1655 644 5736)
2047 598 2051 602 ⁴

512 666 613 703 8393.
645 665 865 711 Fraqrnenti
888 677 922 701 a.
946 666 1039 702 1898
1058 664 1194 711 reperti
1217 665 1403 711 (ΠΙ-10)
1434 665 1574 701 contuli
1601 666 1768 710 ectypum
1794 663 1993 711 optinum:
2026 676 2102 701 non

400 724 492 758 recte
515 722 624 758 omisi
643 721 763 767 apices
784 734 813 758 v.
839 723 865 758 6
885 722 1095 767 clementia,
1127 734 1158 758 v.
1179 722 1205 758 8
1231 722 1253 756 ἑ.
1277 721 1427 766 Milone;
1461 732 1616 766 quorum
1645 721 1709 757 ille
1737 723 1861 758 tamen
1887 721 1967 758 eine
1989 721 2099 758 dubio

400 789 521 814 errore
543 778 684 824 positus
706 780 761 814 eet
783 777 934 823 (similis
958 789 1058 814 error
1079 778 1187 823 passa
1210 777 1237 805 11
1250 777 1322 823 17).
1360 777 1531 823 qurunt
1552 777 1595 813 de
1617 787 1709 814 novo
1731 777 1935 823 fragmento
1957 777 2102 814 Fowler

403 833 575 870 Classical
597 834 739 870 Review
764 834 858 870 1905
877 844 912 880 p.
928 834 997 870 261
1009 845 1091 879 seq„
1116 834 1219 870 Gaet.
1243 834 1286 869 de
1302 834 1450 870 Sancti-3
1463 833 1547 869 Atti
1566 833 1613 869 R.
1630 832 1761 869 Aoi-ad.
1781 832 1914 870 Torino
1929 833 1985 879 48,
2010 834 2107 871 1913

399 899 435 935 p.
451 890 522 926 270
532 901 612 934 seq„
640 890 746 926 Costa
770 890 873 927 Bull.
889 890 1139 926 commissione
1160 890 1309 926 archeol.
1327 890 1513 927 comunale
1530 889 1636 926 Rom.
1655 889 1748 926 1916
1766 899 1802 935 p.
1818 890 1933 937 33eq„
1961 887 2100 926 adiecta

399 945 560 991 imayine
578 946 648 982 tab.
664 947 696 982 I.
732 946 1002 991 Supplementis
1025 957 1117 991 quae
1139 943 1406 992 adecripseram
1429 959 1480 983 vv.
1496 946 1590 984 5—·7
1610 948 1654 982 ut
1666 956 1813 982 eenewm
1835 946 2014 984 orationis
2035 947 2100 983 ad·

400 1002 607 1037 umbrarem
636 1002 799 1047 spatium
830 1013 905 1038 non
933 1002 1100 1047 sufficere
1121 1003 1178 1038 ait
1200 1003 1325 1046 Costa,
1354 1003 1510 1049 fortasse
1532 1004 1638 1045 recte,
1668 1002 1747 1048 ipse
1774 1002 1866 1039 talia
1892 1003 2102 1048 proposuit:

401 1057 449 1102 (v.
462 1057 502 1103 5)
527 1057 687 1103 [famam
703 1060 821 1094 tutata
837 1070 873 1094 ee
887 1059 1078 1105 apse]ntis‚
1103 1060 1196 1104 quod
1212 1062 1256 1095 ut
1272 1069 1439 1095 conarere
1463 1059 1581 1095 virtus
1604 1063 1668 1095 tua
1689 1062 1726 1095 te
1740 1059 1956 1096 hortabatur
1978 1059 2100 1105 (quasi

399 1113 507 1157 fama
524 1113 651 1149 mariti
671 1114 713 1149 in
727 1115 887 1160 periculo
904 1115 1031 1161 fuerit,
1054 1126 1128 1151 non
1143 1116 1238 1161 vita;
1259 1117 1446 1161 praeterea
1468 1116 1556 1160 quid
1578 1117 1754 1162 referebat
1773 1118 1924 1153 conatus
1937 1115 2100 1162 feminae

399 1169 624 1213 forti-ssimae
648 1172 794 1206 tantum
821 1172 1049 1217 praedicare,
1078 1172 1113 1207 ei
1135 1172 1174 1207 id
1195 1172 1291 1216 quod
1311 1172 1435 1217 voluit,
1464 1172 1607 1217 famwm
1630 1172 1758 1209 mariti
1781 1173 1893 1217 tueri,
1922 1173 2102 1220 oblinui&

399 1226 522 1271 ipsum
545 1226 703 1262 conandi
724 1226 937 1263 vocabulum
959 1227 1110 1273 indicat,
1135 1227 1198 1274 ayi
1219 1229 1263 1264 de
1287 1240 1326 1264 re
1349 1229 1399 1264 ad
1421 1228 1532 1274 finem
1556 1240 1631 1266 non
1653 1228 1868 1275 perducta);
1898 1228 2028 1266 deinde
2048 1225 2102 1265 eie

399 1282 519 1327 pergit
537 1282 642 1318 Costa
659 1283 706 1328 (v.
719 1284 751 1320 6.
766 1284 804 1329 7)
813 1294 827 1318 .·
851 1284 941 1329 [non
965 1286 1089 1320 autem
1113 1287 1148 1320 te
1170 1284 1355 1330 m]unibat
1379 1285 1572 1321 clementia
1588 1285 1693 1332 (abl.)
1716 1295 1839 1322 eorum
1862 1288 1988 1322 eontra
2010 1295 2100 1331 quos

399 1348 442 1373 ea
466 1338 628 1385 parabas,
649 1340 656 1384 Ι
677 1342 780 1384 [quae
801 1340 958 1385 fuerunt
978 1351 1060 1376 cum
1083 1343 1164 1383 vlox
1186 1343 1252 1376 tua
1275 1345 1333 1377 est
1355 1341 1530 1378 firmitate
1554 1341 1666 1378 animi
1689 1342 1830 1378 emissa.
1873 1341 2000 1379 Huiue
2020 1352 2100 1378 oen-

401 1395 535 1430 tentiae
561 1396 838 1440 eoeplicationem
860 1397 895 1432 si
914 1396 995 1441 quis
1018 1397 1185 1442 requirit,
1214 1397 1337 1442 ipsum
1363 1397 1510 1434 eostam
1533 1400 1642 1435 adeat
1665 1399 1687 1435 l.
1703 1411 1732 1434 c.
1755 1409 1792 1444 p.
1807 1397 1864 1436 32.
1905 1398 2101 1436 Praeterea

400 1461 525 1487 moneo
551 1453 741 1497 [apse]ntis‚
774 1454 869 1497 quod
892 1454 1082 1498 proposuit
1106 1453 1213 1489 Costa
1240 1465 1270 1489 v.
1293 1455 1326 1499 5,
1363 1465 1474 1499 neque
1500 1454 1662 1502 imagine
1687 1455 1734 1491 ab
1757 1456 1836 1500 ipso
1863 1455 1960 1491 edita
1986 1465 2102 1500 neque

400 1509 522 1554 ectypo
544 1509 801 1554 commendari,
824 1511 1010 1553 praestare
1033 1535 1042 1545 .
1059 1535 1068 1545 .
1084 1509 1148 1546 itis
1172 1511 1227 1546 vel
1248 1510 1339 1546 adeo
1364 1539 1372 1546 .
1388 1536 1399 1545 .
1417 1538 1425 1546 .
1442 1510 1532 1547 litis.

513 1565 605 1601 8445
626 1566 692 1611 sin.
715 1576 804 1601 scra
835 1566 878 1611 [s.
903 1566 947 1611 t.]
970 1569 997 1602 t.
1022 1566 1046 1601 1.

512 1621 606 1657 8558
630 1624 704 1657 not.
719 1623 752 1657 1.
783 1622 917 1658 Brutis
939 1622 1162 1669 vocabulum,
1185 1625 1370 1667 repertum
1396 1624 1505 1659 etiam
1529 1625 1592 1657 III
1604 1624 1698 1660 4746
1718 1625 1753 1658 et
1773 1623 1814 1659 in
1831 1625 1855 1660 t.
1873 1622 2102 1668 Aquileiensi

399 1677 490 1712 Pais
515 1677 613 1714 CIL.
630 1678 668 1715 V
685 1678 805 1724 suppl.
821 1678 900 1724 255,
923 1690 999 1714 non
1021 1689 1194 1725 sponsam
1217 1678 1405 1725 significat
1417 1680 1480 1715 sed
1495 1690 1643 1715 nurum.
1677 1679 1733 1726 Of.
1746 1679 1949 1715 Jacobsohn
1962 1678 2096 1715 Archiv

399 1732 428 1777 f.
458 1733 520 1769 lat.
545 1734 836 1780 Leaeikoyraphie
860 1735 913 1780 15,
939 1735 1032 1771 1908
1051 1745 1087 1781 p.
1108 1735 1176 1771 424
1180 1746 1194 1780 ,·
1225 1735 1477 1771 Niedermann
1499 1735 1598 1772 Berl.
1623 1735 1713 1782 phil.
1739 1734 1787 1770 W
1785 1735 1984 1773 ochenachr.
2009 1735 2097 1772 1911

402 262 492 299 CXC
1015 261 1189 297 Addenda
1212 263 1250 296 et
1274 260 1501 306 Corrigenda.

512 1947 771 1985 8565-8567.
822 1948 879 1993 Of.
908 1949 1171 1994 Paqenstecher
1198 1949 1258 1986 die
1287 1948 1486 1985 kalonische
1514 1948 1800 1995 Beliefkeramilc
1828 1948 1975 1995 (Jahrb.
1998 1949 2097 1986 arch.

399 2002 507 2044 Ima,
533 2003 859 2049 Erqdnzunyeheft
880 2005 988 2046 VIII,
1025 2005 1145 2052 1909).
1171 2026 1215 2032 —
1248 2005 1378 2042 Etiam
1401 2005 1622 2050 Carthaqine
1651 2014 1769 2051 nuper
1795 2006 1937 2052 prodiit
1963 2005 2099 2042 eimih'e
2156 2032 2163 2038 .

400 2060 537 2095 vasculi
557 2060 819 2106 fragmentum,
845 2071 889 2096 ex
904 2061 1140 2106 inscriptione
1162 2065 1345 2108 superest:
1369 2090 1376 2097 .
1395 2089 1402 2097 .
1421 2087 1429 2096 .
1449 2062 1537 2098 fecit
1553 2061 1735 2107 Galetnoe]
1759 2061 1878 2108 (Bull.
1895 2062 1946 2099 du
1961 2062 2107 2099 Gemite

402 2116 493 2152 1912
513 2116 601 2152 Νου.
625 2117 712 2152 Dec.
736 2127 772 2162 p.
789 2117 843 2162 L)

512 2184 606 2221 8572
615 2185 691 2219 a-f,
722 2185 780 2220 De
803 2184 990 2230 amphoris
1013 2185 1180 2231 officinae
1203 2185 1456 2221 Laecanianae
1479 2186 1552 2231 egit
1573 2185 1687 2223 Gnire
1710 2188 1852 2223 oesterr.
1867 2185 2099 2232 Jahreehefte

402 2242 455 2283 13,
482 2240 572 2276 1910
594 2240 710 2277 Beibl.
733 2251 770 2286 Ρ.
786 2242 836 2277 95
846 2251 916 2286 seq.

513 2308 615 2344 8633.
637 2309 739 2345 8634.
781 2308 910 2355 Nuper
948 2308 1152 2345 Thibureici
1178 2309 1280 2345 Bure
1315 2311 1357 2345 in
1385 2309 1518 2354 Africa
1552 2310 1691 2354 prodiit
1721 2309 1866 2356 pondus
1900 2310 2096 2356 (librarum

402 2365 543 2411 trium),
571 2365 613 2401 in
637 2377 708 2410 qua
730 2369 766 2402 et
788 2367 873 2402 haec
894 2366 1084 2411 inecriptio
1109 2366 1259 2412 legitur:
1295 2367 1351 2403 Ti.
1369 2366 1518 2403 Claudio
1542 2366 1618 2403 IIII
1646 2368 1653 2412 Ι
1676 2367 1715 2403 L.
1733 2366 1885 2403 Vitellio
1908 2366 1965 2403 III
1989 2377 2059 2406 cos,
2087 2367 2094 2412 1

401 2431 482 2457 uss.
499 2422 618 2457 aedili.
641 2423 645 2466 Ι
666 2428 795 2459 exacta
815 2424 860 2459 ad
877 2421 992 2459 Artic.
1016 2433 1051 2467 p.
1067 2422 1137 2467 III,
1164 2424 1201 2458 et
1222 2422 1270 2458 N.
1286 2423 1396 2459 8638:
1419 2433 1463 2458 ex
1479 2423 1648 2458 auctorit.
1669 2424 1674 2468 Ι
1696 2423 1737 2466 Q.
1754 2422 1836 2459 Iuni
1850 2422 1990 2459 Rustici
2013 2434 2068 2469 pr.
2090 2427 2095 2464 1

400 2478 478 2513 urb.
503 2477 706 2523 (Gauckler
728 2477 814 2513 bull.
839 2478 900 2513 des
923 2479 1148 2523 antiquairee
1172 2479 1214 2514 de
1236 2478 1379 2514 France
1403 2479 1495 2515 1907
1516 2489 1551 2524 p.
1571 2478 1770 2524 308—310)

512 2545 614 2581 8708.
658 2545 837 2581 Similiter
866 2545 1047 2591 inscripta
1078 2556 1201 2581 massa
1234 2546 1376 2591 plumbi
1410 2557 1527 2591 nuper
1556 2546 1698 2591 prodiit
1733 2557 1846 2592 prope
1875 2547 2098 2583 Mazarron:

399 2602 519 2637 societ.
544 2622 587 2627 —
611 2601 737 2638 monti.
761 2601 916 2646 argenti.
942 2621 983 2626 —
1008 2602 1125 2638 Ilucro
1150 2602 1360 2648 (Villefosse
1382 2614 1488 2638 revue
1509 2602 1604 2638 arch.
1630 2603 1721 2639 1907
1742 2604 1765 2637 1
1784 2613 1819 2648 p.
1835 2603 1898 2649 58)

513 2669 603 2705 8711
614 2676 644 2704 e,
676 2668 768 2714 Eph.
790 2679 845 2714 ep.
869 2669 902 2712 9,
928 2669 1020 2706 1266

512 2737 615 2773 8731.
645 2737 855 2782 Imayinem
883 2736 1118 2773 Gradenwitz
1141 2737 1378 2773 ‘Simulacra’
1403 2738 1471 2774 tab.
1489 2738 1681 2775 XXXIV

513 2916 615 2953 8752.
652 2917 764 2961 XIII,
789 2916 827 2959 4,
853 2915 1043 2962 11069l70,·
1071 2927 1104 2952 v.
1120 2916 1146 2952 2
1165 2928 1232 2952 scr.
1255 2911 1408 2953 Len‘tino
1432 2922 1470 2952 et
1492 2917 1664 2962 Tasgillo,
1687 2918 1692 2962 Ι
1713 2917 1769 2952 uti
1791 2920 1853 2953 cet.

511 2984 606 3021 8759
616 2984 649 3020 b.
685 2983 793 3019 Idem
821 2985 866 3019 ut
892 2982 1033 3019 videtur
1063 2983 1108 3019 L.
1135 2983 1308 3020 Taniciue
1339 2983 1452 3020 Verus
1481 2985 1523 3020 in
1553 2985 1658 3020 titulo
1686 2985 1736 3020 ad
1763 2984 1899 3020 vallum
1921 2984 1987 3020 Pii
2007 2983 2095 3019 Bri-

401 3039 589 3076 tannicum
612 3041 752 3084 reperto
779 3039 884 3085 C'orp.
903 3040 981 3077 VII
999 3039 1089 3075 1124
1112 3039 1158 3085 cf.
1182 3039 1277 3084 Eph.
1301 3050 1354 3085 ep.
1379 3040 1404 3075 9
1425 3050 1461 3084 p.
1477 3040 1546 3076 627
