2170 3458
363 254 564 292 XXXVIII
977 250 1158 286 Addenda.
1207 248 1327 294 Caput
1350 249 1436 285 1111.

364 366 572 424 persolvit,
597 366 604 423 Ι
631 364 771 424 qu[a]e
799 365 991 422 precibus
1019 362 1190 421 pap[a]e
1210 362 1364 406 Leonis
1393 360 1501 405 mei⁵
1527 361 1532 415 Ι
1561 359 1826 418 [pro]voeata
1853 365 1952 406 sunt
1970 365 2057 418 atq.

363 435 614 537 Ρθήθῗῖίιῗῆιαε
639 501 680 536 in
703 501 824 546 fronte
853 498 1014 534 ecclesiae
1038 497 1076 532 S.
1092 496 1213 541 Petri,
1243 495 1286 531 in
1317 506 1421 539 opere
1449 495 1590 531 musivo
1621 494 1743 537 (sennel
1766 494 1957 541 descripta.
1971 498 2060 538 ante

363 568 451 593 saec.
475 557 581 593 VIII
598 559 643 593 ut
663 556 816 602 videtur,
846 555 998 590 servavit
1019 552 1094 589 cod.
1118 552 1199 588 Pal.
1223 551 1302 588 Vat.
1327 552 1409 597 591,
1438 551 1602 587 restituit
1623 553 1660 588 et
1682 551 1735 587 ed.
1759 551 1803 587 de
1816 551 1928 588 Rosea·
1947 552 2057 589 inser.

362 623 434 659 chr.
450 624 503 659 II
514 635 556 668 p.
575 624 623 658 55
643 635 680 658 n.
697 623 756 667 10,
781 622 827 667 cf.
856 621 988 657 Grisar
1010 631 1119 656 roem.
1140 618 1385 665 Quartalsehr.
1405 619 1437 663 9,
1462 618 1620 663 189512.
1636 618 1743 663 261).
1766 638 1813 645 —
1838 621 1871 663 1)
1893 609 1995 667 ἔρξ’
2019 611 2062 656 et‘

363 679 457 714 oons’
482 680 616 725 legitur
639 679 712 715 loco
735 690 809 714 non
831 689 907 721 suo,
931 677 980 712 ad
1003 676 1261 712 indicationem
1287 675 1355 711 loci
1377 674 1604 710 adiunctum.
1628 696 1675 701 —
1704 677 1738 718 2)
1762 675 1808 712 A.
1822 676 1912 712 423.
1950 676 2058 713 Idem

363 738 585 772 memoratur
611 746 725 780 supra
753 733 798 769 N.
824 734 932 769 1285.
973 753 1014 758 -
1055 735 1088 786 3)
1111 731 1293 776 apostasia
1321 731 1496 767 traditur.
1531 751 1577 756 —
1615 733 1650 774 4)
1672 731 1736 766 inl.
1758 730 1807 769 fe.
1830 727 1963 779 leqitm·
1983 733 2058 771 loeo

362 791 478 827 alieno
501 792 617 836 (inter
638 792 720 838 aplo
745 793 780 827 et
802 790 964 834 psolvit).
1003 809 1046 814 —
1083 791 1115 831 5)
1140 787 1178 822 in
1202 787 1235 823 ei
1266 787 1441 823 traditur.
1488 787 1541 822 A
1548 787 1670 823 Leone
1690 797 1796 832 papa
1818 787 1849 823 I
1870 785 2057 824 basiumm
2130 784 2170 827 A?

363 848 400 883 S
416 848 522 883 Petri
543 851 753 884 renovatam
775 858 849 882 esse
874 846 1007 891 leyitur
1029 845 1071 880 in
1095 843 1187 880 libro
1203 843 1434 889 pontificali,·
1463 844 1497 879 ei
1517 843 1778 880 Marinianwm
1800 855 1884 880 ewm
1905 844 2057 894 cumqe

362 904 564 939 Anastasia
593 916 695 949 opem
725 903 850 940 tulisse
879 902 942 938 hoe
972 900 1079 937 titulo
1107 900 1281 936 discimus
1310 901 1374 945 (de
1396 900 1507 936 30882
1529 899 1552 935 Ζ.
1575 900 1634 945 a).
1680 900 1739 936 De
1764 898 1982 938 Mariniano
2009 901 2056 948 cfi

359 962 545 1004 praeterea
568 960 756 996 Duchesne
779 959 838 995 lib.
856 958 997 1004 pontif.
1021 958 1050 992 I
1062 956 1186 1002 praef.
1203 968 1246 1001 p.
1265 956 1437 993 CXXVI.

473 1061 585 1105 8990
1659 1071 1781 1116 (intra
1802 1069 1990 1116 clupeam)

475 1163 651 1172 .....
686 1127 825 1185 [fJerit
853 1126 1069 1184 geminum
1100 1140 1186 1171 uno
1216 1131 1402 1183 tempore
1431 1128 1587 1172 vulnus
1814 1128 1878 1173 Fl.
2157 1158 2166 1178 :.

583 1229 884 1240 ........
916 1209 1017 1239 eans
1045 1195 1096 1238 fit
1124 1194 1214 1239 sine
1242 1193 1331 1238 fine
1360 1194 1480 1239 dolor
1765 1195 1923 1241 Amala
2138 1184 2170 1250 47}

516 1298 524 1307 .
559 1299 567 1307 .
601 1298 609 1307 .
645 1262 874 1321 [lachimas
903 1277 1003 1307 mox
1031 1263 1167 1319 poscit
1196 1266 1235 1306 et
1263 1262 1368 1306 alter
1696 1295 1698 1297 v
1726 1259 1953 1309 Amalthi-

559 1364 779 1374 ......
811 1345 838 1375 a
866 1331 941 1374 sed
971 1330 1154 1374 bonitate
1182 1334 1301 1386 pater
1695 1330 1752 1375 da
1780 1328 1974 1374 Theode-

1691 1397 1853 1443 nanda¹
1885 1410 1921 1442 e.
1941 1395 1971 1441 f.

470 1531 521 1567 In
543 1533 616 1568 vico
639 1532 723 1577 ayri
737 1532 972 1567 Praenestini
988 1531 1205 1568 Genazzano
1228 1532 1270 1566 in
1286 1531 1499 1575 pavimento
1515 1531 1688 1575 ecclesiae,
1711 1531 1833 1568 Roma
1854 1533 1900 1568 ut
1912 1530 2057 1568 videtur

358 1588 482 1624 ablata
505 1590 567 1634 (de
582 1588 692 1625 30882
715 1588 801 1625 bull.
817 1589 915 1624 crist.
940 1589 1041 1623 1894
1057 1599 1100 1633 p.
1122 1588 1169 1623 77
1189 1587 1260 1623 tab.
1282 1587 1414 1633 VIII).
1461 1587 1661 1623 Buecheler
1682 1599 1794 1624 carm.
1809 1588 1924 1634 epiyr.
1943 1588 2056 1624 1850.

357 1665 402 1670 —
428 1648 459 1688 1)
483 1644 579 1681 Nota
602 1648 655 1681 est
677 1644 922 1691 Amalafrida,
946 1645 1043 1690 28928
1063 1643 1272 1681 Theoderici
1293 1655 1406 1688 soror,
1430 1646 1550 1679 mater
1568 1643 1794 1681 Theodahati
1807 1646 1939 1690 postea
1959 1645 2056 1691 regis

357 1702 527 1746 (Jordan.
555 1701 634 1738 Get.
661 1703 719 1747 58,
736 1703 825 1747 299,
855 1701 1007 1746 Proeop.
1033 1700 1140 1737 Goth.
1165 1703 1198 1745 1,
1217 1693 1283 1746 3),ι
1299 1700 1467 1736 secundis
1495 1701 1640 1745 nuptiis
1662 1711 1759 1737 uoeor
1784 1700 2057 1739 Thmsaanundi

361 1758 608 1794 Vandalorum
630 1759 735 1803 reyis.
783 1758 838 1793 Ab
863 1757 929 1793 hac
951 1758 1090 1802 regina,
1115 1756 1290 1802 defuncta
1312 1758 1355 1793 in
1378 1757 1511 1803 Africa
1534 1757 1716 1803 (Cassiod.
1731 1769 1807 1794 var.
1826 1759 1904 1804 9,1‚
1935 1756 2057 1795 Victor

363 1817 521 1850 Tonnen.
545 1826 579 1850 a.
598 1815 690 1858 523)
713 1814 797 1849 haec
819 1815 898 1849 sine
920 1813 1029 1849 dubio
1052 1813 1203 1856 diversa,
1233 1815 1296 1849 sed
1318 1825 1364 1849 ea:
1386 1815 1502 1859 stirpe
1523 1816 1567 1850 ut
1588 1814 1732 1850 videtur
1754 1815 1843 1858 eius,
1865 1826 1912 1851 ea:
1927 1814 2056 1860 priore

357 1869 491 1906 scilicet
511 1871 756 1906 matrimonio.

470 2059 581 2105 8991
878 2062 918 2105 d.
949 2075 990 2104 n.
1022 2061 1212 2107 Honorio
1243 2076 1406 2118 semper
1435 2062 1546 2118 Aug.

358 2127 585 2172 (imperator,
609 2128 650 2163 in
665 2128 782 2164 altera
798 2127 929 2164 tabella
944 2129 1088 2164 hastam
1103 2131 1139 2165 et
1153 2132 1298 2166 scutum
1315 2132 1449 2176 tenens,
1473 2129 1516 2165 in
1531 2129 1649 2166 altera
1665 2129 1834 2166 labarwm
1858 2132 1894 2166 et
1906 2128 2054 2176 globum

357 2206 440 2230 cum
465 2194 638 2238 Victorias
661 2196 703 2230 in
727 2195 852 2230 labaro
874 2196 1069 2242 scriptum)
1101 2197 1141 2232 in
1163 2197 1308 2233 nomine
1329 2199 1334 2240 Ι
1370 2198 1454 2233 XPI
1482 2197 1605 2234 vincas
1626 2200 1632 2241 Ι
1652 2198 1807 2243 semper!

782 2253 946 2296 Probus
974 2253 1196 2311 famulus¹‚
1231 2269 1272 2298 v.
1303 2268 1351 2311 c.,
1389 2268 1502 2299 cons.
1534 2254 1645 2299 ord.²

471 2329 681 2375 Diptyehon
697 2331 905 2374 eburneum,
930 2332 1063 2369 Aostae
1083 2334 1126 2369 in
1145 2333 1327 2369 Thesauro
1350 2333 1513 2369 ecclesiae
1527 2333 1745 2369 cathedralis
1766 2333 1825 2379 (V
1837 2333 1939 2369 6836
1959 2332 2056 2370 vidit

357 2382 591 2484 ἓξὲζηῖῗῖζ).
631 2406 676 2411 —-
716 2388 749 2432 1)
781 2387 923 2424 Scilicet
951 2390 1195 2434 imperatoris.
1234 2410 1279 2415 —
1319 2392 1354 2433 2)
1383 2390 1428 2426 A.
1453 2391 1533 2425 406
1562 2389 1627 2435 (cf.
1656 2401 1772 2435 supra
1793 2389 1840 2426 N.
1863 2389 1967 2425 1268
1988 2389 2054 2435 fin.

478 2495 629 2533 Videtur
643 2499 961 2535 adnumerandum
984 2511 1058 2535 esse
1074 2500 1254 2547 diptychis
1276 2502 1466 2538 consulum
1489 2514 1579 2547 quae
1601 2503 1687 2539 dedi
1707 2512 1822 2547 supra
1843 2500 1890 2539 N.
1906 2502 2054 2538 1298-

359 2550 467 2594 1312,
490 2563 577 2587 sane
599 2565 641 2588 ea
664 2566 703 2590 28
725 2555 769 2590 ab
793 2555 868 2591 illis
885 2556 1074 2601 diversum,
1100 2558 1195 2602 quod
1217 2559 1292 2603 ipsi
1308 2559 1525 2603 imperatori
1547 2559 1754 2596 dedicatwm
1778 2560 1832 2595 est
1852 2570 1877 2595 a
1898 2551 2053 2603 coraule,

358 2609 504 2651 ideoque
526 2609 766 2656 imperatoris,
790 2622 865 2646 non
886 2613 1054 2656 consulis,
1076 2614 1276 2660 imayinem
1299 2615 1452 2651 exhibet.

472 2719 584 2765 8992
634 2722 1047 2780 [F11.00nstantius¹
1079 2741 1119 2770 v.
1142 2729 1211 2784 c.²,
1242 2742 1382 2773 eomes
1412 2733 1452 2772 et
1481 2730 1611 2785 mag.³
1643 2727 1823 2784 utriusq.
1842 2726 1939 2772 mil.
1966 2734 2051 2784 atq.

358 2786 559 2842 patricius
588 2794 628 2832 et
655 2791 862 2835 seeundo⁴
892 2794 1038 2836 consul
1068 2793 1315 2839 ordinarius.

475 2853 644 2900 Treveris,
668 2856 755 2891 olim
778 2857 827 2892 ad
849 2858 1030 2894 ecclesiam
1054 2860 1091 2895 S.
1108 2860 1271 2906 Paulini,
1296 2862 1372 2897 iam
1395 2863 1437 2898 in
1459 2874 1591 2908 museo,
1616 2864 1658 2899 in
1682 2862 1808 2899 tabula
1831 2863 1975 2908 lapidea
1996 2863 2053 2899 in-

357 2910 482 2954 cisum,
507 2911 656 2955 saeculo,
689 2914 732 2947 ut
755 2911 895 2948 litterae
915 2915 1090 2958 indicant,
1123 2917 1204 2951 circ.
1229 2917 1319 2952 XII
1320 2927 1347 2961 ,s
1361 2918 1424 2954 sed
1447 2930 1660 2964 eaepressum
1688 2920 1769 2956 sine
1791 2918 1902 2955 dubio
1929 2929 1974 2955 ex
1995 2919 2053 2955 in·

357 2966 552 3010 scriptione
567 2969 772 3012 antiquiore
786 2981 895 3013 quam
910 2972 1074 3007 restituit
1096 2972 1139 3007 de
1154 2973 1264 3008 30882
1286 2973 1421 3017 (XIII
1434 2976 1484 3010 36
1490 2977 1533 3011 74
1555 2976 1602 3021 ef.
1625 2976 1670 3011 de
1683 2975 1796 3012 Rossi
1815 2976 1925 3011 inser.
1939 2974 2014 3011 chr.
2029 2975 2058 3011 I

350 3032 393 3066 p.
416 3023 505 3059 264.
532 3025 642 3070 579)‚·
667 3036 875 3070 eoepressum
898 3029 1020 3062 autem
1043 3030 1104 3071 est,
1131 3031 1174 3064 ut
1197 3030 1459 3066 demonstravit
1485 3030 1648 3067 Graeven
1678 3030 1942 3068 Westdeutsche
1955 3031 2053 3067 Zeit-

357 3078 488 3125 schrift
511 3081 574 3126 23,
604 3082 705 3116 1904
727 3093 769 3126 p.
793 3083 844 3116 24
857 3093 936 3127 seq„
972 3094 1044 3119 non
1076 3095 1121 3118 ex
1144 3088 1378 3121 monumento
1407 3087 1530 3131 aliquo
1562 3087 1705 3132 lapideo
1728 3088 1887 3132 antiquo,
1923 3087 1987 3123 sed
2009 3098 2054 3122 eoe

357 3133 529 3180 daptyeho
553 3136 717 3180 eburneo,
746 3138 824 3173 eius
851 3139 994 3183 98228228
1021 3151 1112 3184 quae
1134 3141 1304 3186 diptycha
1331 3143 1537 3179 consularia
1560 3145 1796 3188 appellantur
1803 3154 1817 3189 ;
1848 3146 1956 3188 atque
1977 3143 2054 3189 for·

2142 3303 2170 3335 442³
