2170 3458
393 262 583 300 CXXVIII
1015 259 1196 295 Addenda.
1243 258 1363 303 Caput
1385 257 1484 293 xm.

393 375 599 421 exemplum
614 374 773 410 eiusdem
793 373 892 409 tituli
905 374 1015 409 antea
1023 371 1218 418 prodierat
1231 371 1273 406 in
1289 370 1413 406 eadem
1428 370 1498 412 via,
1523 367 1586 404 sed
1601 367 1771 403 mutilum
1790 365 1921 413 (ΠΗ
1933 365 1972 403 S.
1984 366 2098 417 22210
2163 359 2170 385 s

394 449 437 461 ει
453 431 550 477 Eph.
567 443 620 476 ep.
649 432 677 476 7,
698 431 798 475 645).
823 450 869 455 —
894 432 926 473 1)
952 429 997 465 A.
1014 429 1097 464 152.
1121 447 1166 454 —
1189 430 1224 470 2)
1247 426 1347 462 Nota
1369 425 1522 471 Alpium
1545 423 1757 460 vocabulum
1779 423 1821 460 in
1843 423 1937 460 alios
1959 424 2096 459 montes

394 488 625 524 translatum.
649 507 694 513 —
723 490 756 529 3)
779 485 921 531 ia01[ti]s
950 484 1063 528 Gsell,
1099 483 1244 530 facl[tis]
1271 483 1421 529 annat.
1448 502 1488 508 —
1513 481 1549 524 4)
1576 479 1634 525 Cf.
1656 491 1770 526 supra
1792 479 1840 517 N.
1855 478 1956 531 5795
1973 480 2046 516 not.
2063 482 2094 514 1.

1129 664 1362 713 Termini.

504 757 617 802 9375
675 758 755 812 leg.
796 756 865 798 III
906 752 1047 810 A[u9.]
1089 752 1097 808 Ι
1135 750 1371 807 leimitavst,
1411 752 1417 805 1
1461 750 1505 794 Ο.
1547 749 1667 795 Vibio
1705 751 1848 795 Marso
1883 749 1890 807 Ι
1930 763 2094 807 procos.

396 827 507 876 111¹;
533 828 540 879 ι
567 826 606 868 d.
637 824 696 867 d.2
727 823 891 877 Lxxss,
928 835 969 863 u.
999 820 1058 864 kf
1089 819 1360 864 OOLXXX⁵.

505 892 556 927 In
577 889 809 926 meridionali
837 887 940 933 reyni
968 886 1150 922 Tunetani
1171 889 1300 931 parte,
1334 886 1375 921 in
1398 885 1540 932 reqione
1570 896 1661 931 quae
1683 885 1890 935 extenditur
1914 897 1939 921 a
1961 885 2096 922 dextra

392 948 472 984 viae
506 947 626 993 Capsa
649 945 811 992 (Θαΐδα)
844 944 1002 989 Tacapes
1025 941 1197 988 (Gabes),
1232 943 1334 979 1500
1357 945 1460 978 metr.
1492 953 1515 977 a
1545 941 1737 977 ruderibus
1763 941 1928 978 Henehir
1951 941 2096 978 Chenah

391 1016 466 1050 rep.
492 1003 623 1050 (VIII
632 1002 765 1038 22786
772 1001 795 1035 s
815 999 976 1045 repperit
989 998 1126 1034 Donau
1142 998 1355 1044 praefectus
1371 997 1544 1034 militaris
1559 998 1637 1034 eius
1650 997 1818 1044 regionis,
1843 998 1985 1044 annat
2005 998 2099 1034 vidit

395 1064 590 1107 ectypum).
614 1058 775 1105 Lapides
787 1056 932 1102 yemelli
943 1057 1132 1101 praeterea
1146 1055 1187 1091 in
1201 1055 1267 1091 hac
1281 1055 1424 1102 reyione
1431 1054 1658 1100 prodierunt
1671 1054 1754 1101 duo,
1777 1053 1884 1092 VHI
1890 1055 2050 1091 2278641
2067 1055 2092 1099 k,

393 1120 579 1163 praeterea
608 1115 816 1160 complures,
854 1113 895 1148 in
926 1112 1056 1157 quibus
1084 1111 1154 1147 soli
1184 1112 1328 1147 numeri
1356 1113 1490 1147 extant.
1540 1110 1803 1147 Tractaverunt
1833 1110 1898 1148 hos
1926 1110 2097 1148 teminos

398 1172 555 1209 Toutain
585 1171 772 1207 me'moires
796 1170 983 1215 presentes
1010 1168 1035 1204 ὰ
1064 1168 1206 1204 l’Acad.
1231 1168 1293 1204 cles
1315 1168 1423 1204 inser.
1449 1166 1540 1203 XII
1558 1168 1595 1213 1,
1620 1167 1724 1203 1907
1742 1177 1778 1213 p.
1803 1167 1876 1207 343
1890 1179 1958 1214 seq.
1987 1170 2024 1204 et
2043 1168 2096 1214 fe-

395 1229 511 1272 licius,
534 1229 577 1264 ni
597 1227 719 1274 fallor,
745 1225 901 1262 Barthel
922 1225 1074 1263 Bonner
1088 1223 1220 1260 Jahrb.
1244 1227 1323 1270 120,
1349 1227 1436 1258 1911
1461 1234 1499 1270 p.
1516 1227 1560 1258 60
1571 1234 1640 1268 seq.
1663 1244 1710 1250 —
1734 1227 1767 1268 1)
1794 1223 1832 1261 0.
1854 1223 1978 1261 Vibius
1992 1224 2096 1264 Marss

393 1296 456 1322 sus
480 1284 676 1330 proconsul
699 1282 851 1328 Africae
881 1281 985 1317 tertio
1017 1280 1095 1325 fuit
1121 1291 1156 1317 a.
1179 1290 1216 1326 p.
1242 1280 1323 1317 Ohr.
1347 1281 1464 1325 29130.
1511 1280 1573 1322 (Α.
1598 1280 1650 1315 24
1679 1279 1876 1317 Dolabella
1897 1281 2097 1326 proconsul

392 1341 578 1377 rebellioni
603 1339 765 1387 yentium
789 1338 1056 1384 Africanarum
1085 1347 1167 1372 eam
1196 1337 1377 1383 regionem
1407 1336 1698 1373 inhabitantium
1720 1335 1831 1381 finem
1852 1336 2096 1383 imposuerat:

393 1409 520 1434 earum
542 1408 679 1443 mayna
709 1407 752 1432 ex
771 1397 879 1442 parte
901 1394 1047 1430 videtur
1076 1393 1192 1438 fuisse
1224 1393 1447 1429 territorium
1477 1395 1561 1429 tunc
1592 1404 1617 1428 a
1641 1393 1775 1439 legione
1798 1393 2028 1438 dimensum.)
2051 1414 2096 1421 —

395 1457 428 1497 2)
452 1454 598 1490 Dextra
621 1453 871 1489 decumanum.
895 1471 941 1477 -
964 1453 998 1493 3)
1024 1449 1200 1485 Centuria
1222 1450 1501 1495 septuayesima.
1524 1468 1569 1475 —-
1599 1451 1633 1492 4)
1665 1448 1770 1485 Ultra
1795 1449 1998 1486 kardinem.
2038 1449 2095 1495 Of.
2166 1499 2167 1502 Ἰ

396 1511 542 1547 Siculus
557 1510 712 1546 Flaccus
719 1521 761 1554 p.
773 1509 845 1545 155
858 1513 872 1549 (
879 1507 1004 1543 Grom.
1021 1506 1074 1543 ed.
1087 1506 1303 1542 Lachmann
1302 1506 1339 1550 ):
1361 1505 1614 1551 inscriptiones
1629 1505 1754 1551 itaque
1768 1505 1809 1541 in
1825 1506 1997 1542 centua-iis
2011 1503 2098 1542 sunt

394 1567 494 1611 tales,
520 1562 683 1602 ‘dextra‘
714 1569 782 1602 aut
807 1561 975 1601 ‘sinistra
1006 1563 1235 1599 decimanum
1259 1558 1391 1598 totum’
1415 1558 1532 1598 ‘ultra
1556 1557 1708 1598 citra've
1724 1555 1926 1599 ‘cardinem
1948 1558 2095 1606 tasum}

395 1623 568 1669 Hyyinus
592 1623 635 1658 de
659 1622 765 1658 limit.
788 1623 899 1658 const.
915 1632 958 1666 p.
976 1620 1047 1655 173
1058 1631 1127 1664 seq.
1151 1620 1232 1655 195.
1267 1639 1307 1645 —
1346 1622 1378 1661 5)
1404 1618 1578 1654 Centuria
1603 1618 1843 1655 ducentesima
1865 1618 2095 1665 octogesima:

392 1679 445 1715 sic
471 1679 649 1715 intelleaeit
670 1678 824 1714 Barthel
854 1677 981 1713 collato
1012 1677 1117 1721 cippo
1146 1676 1302 1722 fortasse
1332 1675 1382 1710 ad
1404 1675 1554 1710 eandem
1584 1673 1875 1711 terminationem
1889 1675 2096 1721 pertinente

393 1738 532 1781 reperto
567 1736 616 1771 ad
649 1737 748 1771 viam
786 1735 905 1780 Capsa
931 1734 1165 1779 Taparuram
1189 1732 1354 1777 (Sfakes)
1375 1730 1482 1767 VIII
1502 1731 1541 1768 S.
1557 1731 1690 1766 22789
1723 1730 1765 1766 in
1794 1742 1863 1776 quo
1893 1734 1965 1768 est:
1998 1742 2034 1767 u.
2057 1731 2094 1767 k.

395 1793 420 1828 7
440 1792 608 1838 CCLXV,
633 1803 660 1828 s.
684 1792 717 1828 d.
743 1793 765 1827 7
788 1792 901 1828 XLV.

506 1971 621 2016 9376
681 1972 725 2016 O.
754 1970 955 2016 Caninius
986 1971 1030 2016 O.
1059 1971 1090 2013 f.
1118 1971 1123 2025 Ι
1150 1984 1211 2026 pr.
1242 1971 1334 2013 urb.
1361 1968 1367 2026 Ι
1394 1969 1447 2013 de
1476 1982 1561 2012 sen.
1592 1973 1695 2012 sent.
1722 1969 1729 2023 Ι
1755 1967 1908 2024 poplic.
1937 1969 2094 2014 ioudic.

511 2039 634 2075 Ostiae
656 2050 730 2084 rep.
755 2038 977 2083 fossionibus
999 2050 1033 2074 a.
1050 2039 1157 2081 1910,
1183 2036 1313 2082 cippus
1337 2035 1471 2081 lapidis
1489 2034 1675 2071 Tiburtini
1698 2035 1860 2081 (Notizie
1883 2028 1978 2082 degli
1998 2036 2096 2073 soavi

395 2097 492 2132 1910
513 2108 555 2141 p.
579 2096 684 2140 233).
732 2094 797 2130 Ex
828 2094 979 2140 yemella
1014 2094 1250 2139 inscriptione
1285 2092 1407 2128 eodem
1442 2091 1518 2136 fere
1554 2092 1626 2128 loco
1662 2093 1803 2138 reperta
1836 2092 2099 2138 superfuerunt

395 2152 499 2189 haec:
531 2180 539 2188 .
557 2179 565 2187 .
584 2180 591 2188 .
611 2180 618 2188 .
644 2152 699 2194 [de
722 2161 796 2198 sen.
819 2153 922 2192 senlt.
945 2153 949 2193 Ι
971 2149 1150 2196 [p]0pl[i]o.
1177 2148 1331 2192 [iou]dic.
1357 2149 1397 2190 (l.
1421 2159 1447 2183 c.
1472 2158 1507 2194 p.
1531 2149 1600 2192 61).
1650 2147 1804 2193 Titulus,
1829 2147 1937 2184 Sulla
1957 2148 2020 2185 vix
2040 2160 2095 2185 re-

395 2208 542 2250 centior,
576 2207 852 2252 antiquissimus
876 2206 1039 2242 omnium
1063 2205 1126 2250 qui
1148 2205 1266 2241 adhuc
1293 2204 1416 2240 Ostiae
1431 2204 1656 2249 prodierunt
1677 2205 1697 2249 (
1705 2203 1868 2250 Vaylieri
1888 2206 1911 2241 l.
1927 2207 1981 2249 c.).
2030 2205 2096 2242 Oa-

401 2263 528 2299 ninius
544 2266 696 2308 praetor
718 2263 882 2298 urbanus
904 2262 1051 2307 ignotus
1075 2264 1135 2297 est.
1185 2261 1331 2297 Similes
1355 2260 1494 2305 lapides
1517 2270 1630 2305 supra
1652 2259 1699 2296 N.
1715 2261 1817 2297 5938
1827 2270 1896 2305 seq.
1919 2261 2028 2298 5943.

507 2429 617 2474 9377
1135 2429 1242 2472 inter

1142 2497 1360 2540 Teutonos
1376 2495 1387 2515 ¹

1141 2578 1164 2607 0

1140 2645 1167 2674 a

1142 2698 1168 2739 h

1140 2765 1158 2807 f
1171 2765 1185 2785 2

508 2833 628 2878 Prope
652 2832 875 2878 Miltenberq,
904 2831 1000 2876 lapis
1023 2831 1149 2877 inqens
1173 2833 1302 2876 (prope
1327 2832 1351 2865 5
1371 2832 1472 2865 metr.
1497 2830 1612 2875 altus)
1635 2830 1699 2866 sed
1721 2829 1825 2866 rudis
1849 2829 1983 2875 (XIII
1997 2831 2095 2866 6610

395 2889 494 2925 vidit
509 2888 794 2935 Zanyemeister;
815 2888 952 2923 Dreoeel
976 2888 1274 2934 oberyerm.-raet.
1291 2886 1416 2934 Limes
1430 2896 1467 2921 n.
1486 2887 1546 2930 38,
1571 2887 1660 2932 fase.
1677 2886 1734 2932 34,
1758 2895 1794 2931 p.
1812 2886 1884 2929 55).
1923 2885 2040 2932 Lapis
2056 2897 2094 2922 eo

397 2945 477 2991 ipso
504 2946 576 2981 loco
599 2956 644 2980 ex
667 2945 747 2981 vivo
770 2955 860 2980 saxo
884 2943 1023 2980 excisus
1039 2945 1099 2987 est,
1124 2942 1188 2978 ubi
1211 2945 1375 2987 repertus
1390 2945 1452 2984 est,
1476 2942 1596 2987 ibique
1619 2941 1771 2987 antiqua
1793 2943 1909 2977 aetate
1930 2942 2076 2979 relictus
2083 2954 2098 2989 ‚-

396 3002 480 3047 ipsa
503 3000 691 3046 inscriptio
715 3000 926 3046 imperfecta
950 3010 1022 3036 esse
1037 2999 1206 3045 putanda
1222 3001 1282 3034 est.
1297 3019 1342 3023 ——
1367 3001 1399 3040 1)
1427 2998 1459 3033 T
1454 2997 1580 3034 outoni
1596 3008 1620 3032 a
1639 2997 1807 3033 Teutonis
1821 2997 1900 3033 sola
1913 2997 2095 3044 scriptura

397 3057 580 3102 differunt.
626 3057 792 3102 Apparet
807 3055 1047 3092 Teutonorum
1062 3055 1290 3100 particulam
1313 3054 1475 3099 aliquam
1499 3053 1540 3089 in
1557 3053 1698 3099 reyione
1719 3053 1787 3090 illa
1802 3053 1902 3089 sedes
1917 3052 2094 3090 habuisse.

393 3117 431 3157 2)
454 3113 473 3149 f
484 3113 638 3159 priores,
658 3123 730 3158 pro
754 3123 779 3147 n
802 3111 1012 3158 imperfecta
1036 3111 1141 3147 habet
1163 3111 1310 3146 Dreoeel.
